4425 5842
384 563 660 631 uuouu'cuv:
739 542 1098 629 MUNIMENTA
1124 548 1203 628 DE
1230 552 1472 629 MELROS.
1747 552 1820 629 613

387 773 583 847 cuiussibet
610 771 688 869 Sup
704 771 842 872 quibus
871 772 1020 848 offiibus
1044 781 1084 847 et
1107 771 1262 873 singulis
1278 774 1448 873 prefatus
1465 772 1657 850 Johannes
1674 772 1821 871 leving-

387 922 478 995 touir
508 928 719 995 actornotue
748 922 835 993 noie
852 944 929 1020 quo
953 922 1062 1019 supro
1078 944 1100 994 o
1115 919 1223 994 nobis
1247 922 1402 996 notoriis
1432 920 1621 1023 subsc¹ptie
1645 919 1713 995 fibi
1737 920 1820 994 fieri

384 1068 493 1165 petiit
509 1078 590 1143 vnsr
614 1068 678 1141 seu
701 1066 810 1166 pluro
834 1066 988 1166 publicu
1012 1068 1075 1143 seu
1099 1066 1251 1167 publica
1274 1067 1496 1143 instrumetu
1521 1070 1585 1144 seu
1600 1068 1821 1143 instrumeta

386 1216 488 1289 Acta
504 1223 609 1289 erent
627 1214 695 1289 hec
712 1215 777 1311 sup
794 1212 892 1288 fund
909 1214 1008 1290 dicte
1024 1222 1121 1289 terre
1145 1216 1340 1289 anterioris
1365 1216 1462 1290 circe
1486 1208 1576 1290 hore
1592 1225 1724 1316 quartu
1739 1214 1822 1315 post

387 1337 507 1435 risedie
521 1369 591 1436 out
606 1362 747 1436 eocirce
764 1360 844 1436 Sub
858 1384 958 1437 enno
974 1362 1071 1437 mese
1087 1362 1150 1436 die
1167 1362 1381 1438 Indictione
1397 1369 1436 1437 et
1451 1362 1674 1461 pontificatu
1683 1362 1824 1462 quibus

387 1508 494 1607 supra
512 1508 664 1607 potibus
681 1506 761 1582 ibid
777 1508 933 1606 prouidt
948 1509 1028 1590 virt
1063 1508 1226 1583 Wiflmo
1241 1507 1485 1585 halkerstouii
1517 1510 1543 1585 J
1545 1510 1670 1608 aspero
1686 1532 1824 1608 moyne

387 1656 531 1730 notario
559 1652 711 1754 publico
739 1654 886 1754 burgeir
920 1653 968 1729 de
1001 1654 1190 1730 Edinbur
1230 1656 1376 1733 Aleriro
1409 1656 1532 1732 milior
1572 1655 1698 1731 alesino
1728 1657 1825 1731 scott

388 1802 528 1876 Jecobo
544 1802 652 1901 King
667 1809 707 1876 et
723 1800 899 1878 Johanne
916 1800 1112 1901 Goldsmy¹
1128 1813 1176 1877 cu
1193 1778 1283 1878 disin
1300 1803 1380 1878 eliis
1404 1800 1558 1879 testibus
1582 1804 1630 1878 ad
1654 1800 1824 1903 premissa

390 1950 530 2024 vocatis
549 1956 621 2050 atq,
636 1948 845 2049 Requifltis

610 2248 665 2321 Et
681 2270 753 2347 ego
768 2246 962 2324 Johonnes
979 2244 1171 2324 Jaksoune
1195 2252 1266 2347 pbr
1289 2247 1499 2323 sanctiand?
1526 2246 1626 2321 dioc*
1650 2247 1825 2349 publicus

610 2393 816 2469 auct‘tibus
840 2394 946 2469 sacris
971 2395 1089 2494 apiice
1113 2401 1154 2468 et
1169 2394 1306 2494 Reguli
1331 2396 1499 2471 notarius
1520 2395 1624 2485 Quia
1646 2394 1826 2495 premissis

610 2540 759 2615 offiibus
786 2551 826 2615 et
853 2540 1008 2640 singulis
1024 2541 1120 2616 dum
1135 2540 1185 2615 sic
1208 2549 1255 2616 ut
1279 2541 1514 2641 premittitur
1537 2542 1716 2617 dicerent²
1741 2566 1829 2642 age·

471 2682 474 2691 ’
611 2689 710 2762 rent²
727 2695 765 2762 ct
781 2687 915 2763 fierent
931 2712 1095 2763 vnacum
1113 2688 1316 2788 prenoiatio
1332 2688 1486 2765 testibus
1511 2697 1551 2764 et
1574 2689 1720 2765 noterio
1744 2690 1829 2765 suh

614 2834 748 2935 scripto
775 2838 844 2934 {ins
877 2835 1074 2933 psonaliter
1106 2836 1263 2911 interfui
1297 2860 1375 2937 eoq,
1406 2837 1508 2911 offiie
1535 2846 1574 2910 et
1602 2836 1748 2936 singula
1781 2836 1830 2911 fic

614 2980 694 3055 fieri
719 2981 798 3056 vidi
821 2983 912 3058 sciui
936 2992 976 3058 et
1000 2982 1133 3058 audiui
1156 3007 1200 3058 ec
1224 2983 1265 3057 in
1291 2992 1421 3058 notum
1445 2984 1528 3081 cepi
1554 2982 1647 3057 Ideo
1662 2984 1734 3057 hoc
1757 2985 1827 3081 ‘pins

613 3127 810 3228 publicum
828 3128 1128 3207 instrumentum
1145 3154 1263 3206 manu
1279 3154 1363 3204 mea
1379 3131 1527 3230 propria
1542 3128 1704 3204 fideliter
1719 3130 1830 3229 scrip-

615 3285 700 3351 tum
728 3277 867 3353 exinde
891 3278 1034 3353 confeci
1058 3278 1248 3379 subscripsi
1273 3287 1313 3354 et
1336 3278 1529 3377 publicani
1549 3276 1687 3379 fignoq3
1701 3288 1830 3353 nomie

614 3432 654 3498 et
668 3424 934 3524 subscriptione
950 3426 1044 3501 meis
1060 3425 1176 3501 solitis
1197 3434 1237 3501 et
1261 3425 1444 3501 consuetis
1460 3436 1581 3501 vnacu
1605 3426 1834 3525 appensione

615 3569 725 3671 sigilli
750 3572 843 3646 dicti
867 3572 999 3648 balliui
1023 3573 1135 3648 scuni
1149 3572 1255 3648 hmoi
1272 3573 1396 3649 dantis
1411 3573 1452 3647 in
1470 3571 1577 3672 signu
1594 3574 1828 3648 executionis

614 3719 670 3793 sui
693 3718 806 3793 officii
822 3718 967 3818 fignaui
983 3719 1158 3820 Rogatus
1182 3731 1222 3795 et
1236 3722 1460 3821 Requifituu
1475 3722 1517 3795 in
1532 3721 1648 3797 fidem
1670 3731 1709 3797 et
1728 3723 1829 3798 testi-

616 3867 747 3942 moniu
763 3868 931 3943 veritatis
947 3867 1052 3944 oium
1068 3876 1109 3945 et
1124 3866 1357 3968 singulorum
1374 3868 1574 3967 premisson
1662 3980 1665 3985 Ι

619 4159 675 4236 Et
696 4184 767 4261 ego
783 4163 810 4239 J
811 4165 975 4240 ohannes
990 4166 1206 4265 bennetyne
1221 4165 1335 4239 olicus
1353 4161 1586 4239 Dunblonei
1610 4162 1708 4239 dioc
1733 4164 1829 4247 sacr(

619 4310 739 4413 opsica
756 4326 783 4385 *t
799 4312 906 4409 Impli
931 4312 1050 4387 auctu
1075 4314 1242 4389 notorius
1270 4317 1354 4412 pu‘s
1383 4311 1485 4401 Quia
1508 4312 1688 4411 premissis
1707 4311 1830 4408 offiib3

619 4466 658 4532 et
684 4458 838 4559 fingulis
867 4460 962 4534 dum
987 4460 1034 4536 fic
1050 4469 1095 4535 vt
1110 4460 1346 4560 premittitur
1369 4467 1570 4560 agerentur
1593 4460 1773 4536 dicerent²
1791 4469 1832 4534 et

616 4604 752 4680 fierent
779 4618 899 4682 vnacr'r
930 4606 1006 4682 dio
1034 4610 1180 4683 notorio
1208 4608 1453 4708 suprascripto
1480 4616 1520 4683 et
1549 4607 1704 4682 testibus
1732 4608 1832 4704 sup‘-

618 4750 728 4827 dictis
755 4752 823 4849 'pins
849 4728 1053 4853 personali?
1077 4754 1236 4831 interfui
1265 4779 1343 4856 eoq,
1368 4756 1428 4829 <iio
1452 4764 1492 4830 et
1515 4753 1660 4853 singulo
1684 4753 1732 4828 src
1747 4752 1830 4825 sieri

468 4969 470 4973 ,
620 4895 701 4971 vidi
723 4897 813 4973 sciui
833 4908 873 4974 et
888 4899 1020 4977 audiui
1044 4924 1087 4975 oc
1111 4902 1151 4976 in
1178 4908 1269 4975 nou
1294 4900 1376 4999 cepi
1402 4900 1530 4999 Ideoq,
1553 4899 1625 4986 hoc
1648 4898 1718 4995 pins
1741 4902 1829 4995 puci
