<?xml version="1.0" encoding="UTF-8"?>
<!DOCTYPE html PUBLIC "-//W3C//DTD XHTML 1.0 Transitional//EN"
    "http://www.w3.org/TR/xhtml1/DTD/xhtml1-transitional.dtd">
<html xmlns="http://www.w3.org/1999/xhtml" xml:lang="en" lang="en">
 <head>
  <title>
</title>
<meta http-equiv="Content-Type" content="text/html;charset=utf-8" />
  <meta name='ocr-system' content='tesseract 3.04.00' />
  <meta name='ocr-capabilities' content='ocr_page ocr_carea ocr_par ocr_line ocrx_word'/>
</head>
<body>
  <div class='ocr_page' id='page_1' title='image "./libersanctemari02innegoog_0333.png"; bbox 0 0 4425 5842; ppageno 0'>
   <div class='ocr_carea' id='block_1_1' title="bbox 403 446 1847 533">
    <p class='ocr_par' dir='ltr' id='par_1_1' title="bbox 403 446 1847 533">
     <span class='ocr_line' id='line_1_1' title="bbox 403 446 1847 533; baseline 0.002 -8"><span class='ocrx_word' id='word_1_1' title='bbox 403 468 670 525; x_wconf 65' lang='lat' dir='ltr'>asareem.</span> <span class='ocrx_word' id='word_1_2' title='bbox 761 446 1118 533; x_wconf 82' lang='lat' dir='ltr'><strong>MUNIMENTA</strong></span> <span class='ocrx_word' id='word_1_3' title='bbox 1142 448 1223 525; x_wconf 85' lang='lat' dir='ltr'>DE</span> <span class='ocrx_word' id='word_1_4' title='bbox 1250 448 1491 527; x_wconf 78' lang='lat' dir='ltr'><strong>MELROS.</strong></span> <span class='ocrx_word' id='word_1_5' title='bbox 1776 453 1847 529; x_wconf 89' lang='lat'>611</span> 
     </span>
    </p>
   </div>
   <div class='ocr_carea' id='block_1_2' title="bbox 400 668 1844 1947">
    <p class='ocr_par' dir='ltr' id='par_1_2' title="bbox 400 668 1844 1947">
     <span class='ocr_line' id='line_1_2' title="bbox 404 668 1844 771; baseline 0.001 -25"><span class='ocrx_word' id='word_1_6' title='bbox 404 672 544 769; x_wconf 86' lang='lat' dir='ltr'>recepit</span> <span class='ocrx_word' id='word_1_7' title='bbox 572 679 611 746; x_wconf 89' lang='lat' dir='ltr'>et</span> <span class='ocrx_word' id='word_1_8' title='bbox 637 668 743 745; x_wconf 83' lang='lat' dir='ltr'>hmoi</span> <span class='ocrx_word' id='word_1_9' title='bbox 767 669 874 747; x_wconf 88' lang='lat' dir='ltr'>nobis</span> <span class='ocrx_word' id='word_1_10' title='bbox 898 672 1052 747; x_wconf 86' lang='lat' dir='ltr'>notariis</span> <span class='ocrx_word' id='word_1_11' title='bbox 1077 670 1238 771; x_wconf 92' lang='lat' dir='ltr'>publicis</span> <span class='ocrx_word' id='word_1_12' title='bbox 1265 670 1477 771; x_wconf 83' lang='lat' dir='ltr'>subscriptis</span> <span class='ocrx_word' id='word_1_13' title='bbox 1501 669 1663 771; x_wconf 88' lang='lat' dir='ltr'>plegend</span> <span class='ocrx_word' id='word_1_14' title='bbox 1688 671 1844 747; x_wconf 77' lang='lat' dir='ltr'><strong>tradidit</strong></span> 
     </span>
     <span class='ocr_line' id='line_1_3' title="bbox 404 816 1840 918; baseline 0.002 -27"><span class='ocrx_word' id='word_1_15' title='bbox 404 816 614 916; x_wconf 86' lang='lat' dir='ltr'>Cuiusquid</span> <span class='ocrx_word' id='word_1_16' title='bbox 641 817 807 917; x_wconf 73' lang='lat' dir='ltr'>precepti</span> <span class='ocrx_word' id='word_1_17' title='bbox 836 826 944 893; x_wconf 89' lang='lat' dir='ltr'>tenor</span> <span class='ocrx_word' id='word_1_18' title='bbox 970 818 1106 917; x_wconf 74' lang='lat' dir='ltr'>sequit²</span> <span class='ocrx_word' id='word_1_19' title='bbox 1135 826 1176 892; x_wconf 90' lang='lat' dir='ltr'>et</span> <span class='ocrx_word' id='word_1_20' title='bbox 1203 817 1257 892; x_wconf 89' lang='lat' dir='ltr'>est</span> <span class='ocrx_word' id='word_1_21' title='bbox 1286 818 1370 893; x_wconf 91' lang='lat' dir='ltr'>talis</span> <span class='ocrx_word' id='word_1_22' title='bbox 1395 819 1602 918; x_wconf 89' lang='lat' dir='ltr'>Dompnus</span> <span class='ocrx_word' id='word_1_23' title='bbox 1627 819 1840 894; x_wconf 85' lang='lat' dir='ltr'>Bamardus</span> 
     </span>
     <span class='ocr_line' id='line_1_4' title="bbox 402 962 1842 1063; baseline 0.001 -24"><span class='ocrx_word' id='word_1_24' title='bbox 402 963 476 1039; x_wconf 91' lang='lat' dir='ltr'>bell</span> <span class='ocrx_word' id='word_1_25' title='bbox 502 962 708 1039; x_wconf 91' lang='lat' dir='ltr'>monachus</span> <span class='ocrx_word' id='word_1_26' title='bbox 734 964 947 1043; x_wconf 87' lang='lat' dir='ltr'>monasterii</span> <span class='ocrx_word' id='word_1_27' title='bbox 975 965 1022 1041; x_wconf 91' lang='lat' dir='ltr'>de</span> <span class='ocrx_word' id='word_1_28' title='bbox 1047 962 1203 1039; x_wconf 82' lang='lat' dir='ltr'>melroio</span> <span class='ocrx_word' id='word_1_29' title='bbox 1227 988 1270 1039; x_wconf 91' lang='lat' dir='ltr'>ac</span> <span class='ocrx_word' id='word_1_30' title='bbox 1295 964 1549 1063; x_wconf 78' lang='lat' dir='ltr'>pensionarius</span> <span class='ocrx_word' id='word_1_31' title='bbox 1574 966 1622 1042; x_wconf 86' lang='lat' dir='ltr'>de</span> <span class='ocrx_word' id='word_1_32' title='bbox 1649 966 1842 1043; x_wconf 89' lang='lat' dir='ltr'>mauchlin</span> 
     </span>
     <span class='ocr_line' id='line_1_5' title="bbox 402 1110 1842 1214; baseline 0.001 -29"><span class='ocrx_word' id='word_1_33' title='bbox 402 1120 524 1188; x_wconf 69' lang='lat' dir='ltr'>necne</span> <span class='ocrx_word' id='word_1_34' title='bbox 539 1110 640 1187; x_wconf 89' lang='lat' dir='ltr'>filius</span> <span class='ocrx_word' id='word_1_35' title='bbox 657 1121 697 1186; x_wconf 88' lang='lat' dir='ltr'>et</span> <span class='ocrx_word' id='word_1_36' title='bbox 712 1110 818 1189; x_wconf 88' lang='lat' dir='ltr'>heres</span> <span class='ocrx_word' id='word_1_37' title='bbox 833 1111 967 1211; x_wconf 81' lang='lat' dir='ltr'>quond</span> <span class='ocrx_word' id='word_1_38' title='bbox 984 1112 1097 1187; x_wconf 87' lang='lat' dir='ltr'>Willi</span> <span class='ocrx_word' id='word_1_39' title='bbox 1115 1111 1191 1187; x_wconf 90' lang='lat' dir='ltr'>bell</span> <span class='ocrx_word' id='word_1_40' title='bbox 1214 1112 1386 1212; x_wconf 80' lang='lat' dir='ltr'>burgeno</span> <span class='ocrx_word' id='word_1_41' title='bbox 1410 1111 1523 1214; x_wconf 84' lang='lat' dir='ltr'>burgi</span> <span class='ocrx_word' id='word_1_42' title='bbox 1547 1113 1597 1187; x_wconf 90' lang='lat' dir='ltr'>de</span> <span class='ocrx_word' id='word_1_43' title='bbox 1613 1112 1842 1214; x_wconf 78' lang='lat' dir='ltr'>Edinburgb</span> 
     </span>
     <span class='ocr_line' id='line_1_6' title="bbox 402 1257 1842 1337; baseline 0.003 -5"><span class='ocrx_word' id='word_1_44' title='bbox 402 1257 547 1333; x_wconf 89' lang='lat' dir='ltr'>dilectis</span> <span class='ocrx_word' id='word_1_45' title='bbox 581 1259 656 1334; x_wconf 76' lang='lat' dir='ltr'>iaris</span> <span class='ocrx_word' id='word_1_46' title='bbox 691 1258 819 1335; x_wconf 89' lang='lat' dir='ltr'>Alano</span> <span class='ocrx_word' id='word_1_47' title='bbox 849 1258 1026 1335; x_wconf 89' lang='lat' dir='ltr'>Wilsouii</span> <span class='ocrx_word' id='word_1_48' title='bbox 1059 1258 1233 1335; x_wconf 80' lang='lat' dir='ltr'>michaeli</span> <span class='ocrx_word' id='word_1_49' title='bbox 1267 1260 1383 1335; x_wconf 90' lang='lat' dir='ltr'>bruce</span> <span class='ocrx_word' id='word_1_50' title='bbox 1424 1261 1592 1335; x_wconf 89' lang='lat' dir='ltr'>Johanni</span> <span class='ocrx_word' id='word_1_51' title='bbox 1619 1259 1769 1337; x_wconf 90' lang='lat' dir='ltr'>lethane</span> <span class='ocrx_word' id='word_1_52' title='bbox 1803 1269 1842 1337; x_wconf 92' lang='lat' dir='ltr'>et</span> 
     </span>
     <span class='ocr_line' id='line_1_7' title="bbox 401 1405 1842 1509; baseline 0.002 -29"><span class='ocrx_word' id='word_1_53' title='bbox 401 1406 526 1506; x_wconf 87' lang='lat' dir='ltr'>egidio</span> <span class='ocrx_word' id='word_1_54' title='bbox 542 1405 688 1481; x_wconf 89' lang='lat' dir='ltr'>sarchar</span> <span class='ocrx_word' id='word_1_55' title='bbox 703 1405 849 1505; x_wconf 81' lang='lat' dir='ltr'>burgeis</span> <span class='ocrx_word' id='word_1_56' title='bbox 867 1406 959 1481; x_wconf 91' lang='lat' dir='ltr'>dicti</span> <span class='ocrx_word' id='word_1_57' title='bbox 976 1406 1089 1507; x_wconf 84' lang='lat' dir='ltr'>burgi</span> <span class='ocrx_word' id='word_1_58' title='bbox 1106 1431 1150 1481; x_wconf 90' lang='lat' dir='ltr'>ac</span> <span class='ocrx_word' id='word_1_59' title='bbox 1165 1430 1299 1483; x_wconf 88' lang='lat' dir='ltr'>eorum</span> <span class='ocrx_word' id='word_1_60' title='bbox 1323 1405 1430 1483; x_wconf 88' lang='lat' dir='ltr'>alteri</span> <span class='ocrx_word' id='word_1_61' title='bbox 1450 1408 1611 1509; x_wconf 74' lang='lat' dir='ltr'>pinctim</span> <span class='ocrx_word' id='word_1_62' title='bbox 1633 1415 1673 1481; x_wconf 88' lang='lat' dir='ltr'>et</span> <span class='ocrx_word' id='word_1_63' title='bbox 1690 1408 1842 1485; x_wconf 87' lang='lat' dir='ltr'>diuisun</span> 
     </span>
     <span class='ocr_line' id='line_1_8' title="bbox 400 1552 1839 1653; baseline 0.003 -26"><span class='ocrx_word' id='word_1_64' title='bbox 400 1552 548 1628; x_wconf 87' lang='lat' dir='ltr'>balliuis</span> <span class='ocrx_word' id='word_1_65' title='bbox 565 1554 641 1627; x_wconf 78' lang='lat' dir='ltr'>siris</span> <span class='ocrx_word' id='word_1_66' title='bbox 658 1556 699 1628; x_wconf 91' lang='lat' dir='ltr'>in</span> <span class='ocrx_word' id='word_1_67' title='bbox 715 1554 785 1629; x_wconf 87' lang='lat' dir='ltr'>hac</span> <span class='ocrx_word' id='word_1_68' title='bbox 801 1561 865 1649; x_wconf 84' lang='lat' dir='ltr'>pte</span> <span class='ocrx_word' id='word_1_69' title='bbox 881 1552 1087 1653; x_wconf 80' lang='lat' dir='ltr'>specialiter</span> <span class='ocrx_word' id='word_1_70' title='bbox 1103 1553 1315 1630; x_wconf 86' lang='lat' dir='ltr'>constitutis</span> <span class='ocrx_word' id='word_1_71' title='bbox 1330 1554 1463 1629; x_wconf 75' lang='lat' dir='ltr'>rhitm</span> <span class='ocrx_word' id='word_1_72' title='bbox 1489 1556 1594 1645; x_wconf 84' lang='lat' dir='ltr'>Quia</span> <span class='ocrx_word' id='word_1_73' title='bbox 1619 1578 1688 1631; x_wconf 90' lang='lat' dir='ltr'>nos</span> <span class='ocrx_word' id='word_1_74' title='bbox 1714 1555 1839 1631; x_wconf 91' lang='lat' dir='ltr'>dictus</span> 
     </span>
     <span class='ocr_line' id='line_1_9' title="bbox 400 1699 1839 1799; baseline 0.001 -24"><span class='ocrx_word' id='word_1_75' title='bbox 400 1701 607 1799; x_wconf 88' lang='lat' dir='ltr'>Dompnns</span> <span class='ocrx_word' id='word_1_76' title='bbox 633 1699 838 1777; x_wconf 78' lang='lat' dir='ltr'>barnardus</span> <span class='ocrx_word' id='word_1_77' title='bbox 864 1700 906 1777; x_wconf 91' lang='lat' dir='ltr'>in</span> <span class='ocrx_word' id='word_1_78' title='bbox 931 1700 1083 1775; x_wconf 85' lang='lat' dir='ltr'>laudern</span> <span class='ocrx_word' id='word_1_79' title='bbox 1105 1708 1145 1775; x_wconf 91' lang='lat' dir='ltr'>et</span> <span class='ocrx_word' id='word_1_80' title='bbox 1161 1700 1341 1780; x_wconf 83' lang='lat' dir='ltr'>honorem</span> <span class='ocrx_word' id='word_1_81' title='bbox 1360 1701 1421 1775; x_wconf 89' lang='lat' dir='ltr'>dei</span> <span class='ocrx_word' id='word_1_82' title='bbox 1441 1701 1683 1799; x_wconf 71' lang='lat' dir='ltr'>omipotentis</span> <span class='ocrx_word' id='word_1_83' title='bbox 1708 1702 1839 1777; x_wconf 88' lang='lat' dir='ltr'>beatis·</span> 
     </span>
     <span class='ocr_line' id='line_1_10' title="bbox 401 1847 1841 1947; baseline 0 -25"><span class='ocrx_word' id='word_1_84' title='bbox 401 1847 524 1947; x_wconf 69' lang='lat' dir='ltr'>fimeq,</span> <span class='ocrx_word' id='word_1_85' title='bbox 547 1847 703 1947; x_wconf 85' lang='lat' dir='ltr'>gloriose</span> <span class='ocrx_word' id='word_1_86' title='bbox 719 1848 877 1947; x_wconf 89' lang='lat' dir='ltr'>virginis</span> <span class='ocrx_word' id='word_1_87' title='bbox 894 1847 1010 1922; x_wconf 90' lang='lat' dir='ltr'>marie</span> <span class='ocrx_word' id='word_1_88' title='bbox 1027 1848 1157 1921; x_wconf 86' lang='lat' dir='ltr'>matris</span> <span class='ocrx_word' id='word_1_89' title='bbox 1173 1849 1238 1922; x_wconf 91' lang='lat' dir='ltr'>sue</span> <span class='ocrx_word' id='word_1_90' title='bbox 1250 1874 1263 1921; x_wconf 80' lang='lat' dir='ltr'>t</span> <span class='ocrx_word' id='word_1_91' title='bbox 1277 1855 1316 1922; x_wconf 89' lang='lat' dir='ltr'>et</span> <span class='ocrx_word' id='word_1_92' title='bbox 1332 1848 1436 1923; x_wconf 75' lang='lat' dir='ltr'>bium</span> <span class='ocrx_word' id='word_1_93' title='bbox 1454 1850 1667 1923; x_wconf 89' lang='lat' dir='ltr'>sanctorum</span> <span class='ocrx_word' id='word_1_94' title='bbox 1692 1848 1754 1923; x_wconf 90' lang='lat' dir='ltr'>dei</span> <span class='ocrx_word' id='word_1_95' title='bbox 1779 1848 1841 1924; x_wconf 89' lang='lat' dir='ltr'>de·</span> 
     </span>
    </p>
   </div>
   <div class='ocr_carea' id='block_1_3' title="bbox 253 1992 1839 2095">
    <p class='ocr_par' dir='ltr' id='par_1_3' title="bbox 253 1992 1839 2095">
     <span class='ocr_line' id='line_1_11' title="bbox 253 1992 1839 2095; baseline 0.001 -26"><span class='ocrx_word' id='word_1_96' title='bbox 253 2066 267 2083; x_wconf 68' lang='grc'>,,</span> <span class='ocrx_word' id='word_1_97' title='bbox 398 1994 499 2069; x_wconf 70' lang='lat' dir='ltr'>dim?</span> <span class='ocrx_word' id='word_1_98' title='bbox 516 2002 555 2069; x_wconf 86' lang='lat' dir='ltr'>et</span> <span class='ocrx_word' id='word_1_99' title='bbox 581 1994 797 2071; x_wconf 83' lang='lat' dir='ltr'>conceffim9</span> <span class='ocrx_word' id='word_1_100' title='bbox 814 1993 1035 2075; x_wconf 79' lang='lat' dir='ltr'>hereditarie</span> <span class='ocrx_word' id='word_1_101' title='bbox 1051 1992 1326 2069; x_wconf 87' lang='lat' dir='ltr'>venerabilibus</span> <span class='ocrx_word' id='word_1_102' title='bbox 1351 2003 1390 2068; x_wconf 91' lang='lat' dir='ltr'>et</span> <span class='ocrx_word' id='word_1_103' title='bbox 1414 1994 1590 2094; x_wconf 80' lang='lat' dir='ltr'>religiosis</span> <span class='ocrx_word' id='word_1_104' title='bbox 1607 1994 1697 2069; x_wconf 88' lang='lat' dir='ltr'>viris</span> <span class='ocrx_word' id='word_1_105' title='bbox 1723 1996 1839 2095; x_wconf 89' lang='lat' dir='ltr'>priori</span> 
     </span>
    </p>
   </div>
   <div class='ocr_carea' id='block_1_4' title="bbox 393 2141 1840 2687">
    <p class='ocr_par' dir='ltr' id='par_1_4' title="bbox 393 2141 1840 2687">
     <span class='ocr_line' id='line_1_12' title="bbox 398 2141 1836 2245; baseline 0 -28"><span class='ocrx_word' id='word_1_106' title='bbox 398 2151 437 2217; x_wconf 87' lang='lat' dir='ltr'>et</span> <span class='ocrx_word' id='word_1_107' title='bbox 453 2144 631 2219; x_wconf 77' lang='lat' dir='ltr'>obuentui</span> <span class='ocrx_word' id='word_1_108' title='bbox 649 2142 740 2219; x_wconf 89' lang='lat' dir='ltr'>dicti</span> <span class='ocrx_word' id='word_1_109' title='bbox 757 2142 967 2245; x_wconf 86' lang='lat' dir='ltr'>monasterij</span> <span class='ocrx_word' id='word_1_110' title='bbox 986 2142 1034 2219; x_wconf 92' lang='lat' dir='ltr'>de</span> <span class='ocrx_word' id='word_1_111' title='bbox 1051 2141 1195 2217; x_wconf 81' lang='lat' dir='ltr'>melros</span> <span class='ocrx_word' id='word_1_112' title='bbox 1219 2151 1259 2217; x_wconf 86' lang='lat' dir='ltr'>et</span> <span class='ocrx_word' id='word_1_113' title='bbox 1284 2143 1359 2218; x_wconf 89' lang='lat' dir='ltr'>suis</span> <span class='ocrx_word' id='word_1_114' title='bbox 1385 2143 1646 2219; x_wconf 85' lang='lat' dir='ltr'>successoribus</span> <span class='ocrx_word' id='word_1_115' title='bbox 1671 2145 1742 2242; x_wconf 93' lang='lat' dir='ltr'>qui</span> <span class='ocrx_word' id='word_1_116' title='bbox 1767 2168 1836 2243; x_wconf 91' lang='lat' dir='ltr'>pro</span> 
     </span>
     <span class='ocr_line' id='line_1_13' title="bbox 398 2290 1836 2392; baseline 0 -28"><span class='ocrx_word' id='word_1_117' title='bbox 398 2299 567 2390; x_wconf 88' lang='lat' dir='ltr'>tempore</span> <span class='ocrx_word' id='word_1_118' title='bbox 583 2290 725 2365; x_wconf 86' lang='lat' dir='ltr'>suerint</span> <span class='ocrx_word' id='word_1_119' title='bbox 741 2292 781 2365; x_wconf 92' lang='lat' dir='ltr'>in</span> <span class='ocrx_word' id='word_1_120' title='bbox 799 2303 895 2390; x_wconf 80' lang='lat' dir='ltr'>pura</span> <span class='ocrx_word' id='word_1_121' title='bbox 906 2290 1062 2365; x_wconf 89' lang='lat' dir='ltr'>liberam</span> <span class='ocrx_word' id='word_1_122' title='bbox 1079 2299 1119 2365; x_wconf 89' lang='lat' dir='ltr'>et</span> <span class='ocrx_word' id='word_1_123' title='bbox 1134 2297 1274 2388; x_wconf 82' lang='lat' dir='ltr'>ppetua</span> <span class='ocrx_word' id='word_1_124' title='bbox 1290 2290 1495 2366; x_wconf 75' lang='lat' dir='ltr'>donacioue</span> <span class='ocrx_word' id='word_1_125' title='bbox 1515 2298 1642 2366; x_wconf 91' lang='lat' dir='ltr'>totum</span> <span class='ocrx_word' id='word_1_126' title='bbox 1659 2298 1699 2365; x_wconf 87' lang='lat' dir='ltr'>et</span> <span class='ocrx_word' id='word_1_127' title='bbox 1714 2292 1836 2392; x_wconf 84' lang='lat' dir='ltr'>integ-</span> 
     </span>
     <span class='ocr_line' id='line_1_14' title="bbox 395 2437 1840 2537; baseline 0.001 -24"><span class='ocrx_word' id='word_1_128' title='bbox 395 2463 480 2513; x_wconf 90' lang='lat' dir='ltr'>rum</span> <span class='ocrx_word' id='word_1_129' title='bbox 510 2438 620 2512; x_wconf 91' lang='lat' dir='ltr'>illum</span> <span class='ocrx_word' id='word_1_130' title='bbox 651 2450 739 2513; x_wconf 78' lang='lat' dir='ltr'>meu</span> <span class='ocrx_word' id='word_1_131' title='bbox 766 2449 866 2515; x_wconf 78' lang='lat' dir='ltr'>anuis</span> <span class='ocrx_word' id='word_1_132' title='bbox 891 2438 1086 2515; x_wconf 87' lang='lat' dir='ltr'>redditum</span> <span class='ocrx_word' id='word_1_133' title='bbox 1106 2447 1273 2537; x_wconf 85' lang='lat' dir='ltr'>quatuor</span> <span class='ocrx_word' id='word_1_134' title='bbox 1296 2461 1508 2513; x_wconf 88' lang='lat' dir='ltr'>marcarum</span> <span class='ocrx_word' id='word_1_135' title='bbox 1523 2437 1659 2513; x_wconf 83' lang='lat' dir='ltr'>vsnalis</span> <span class='ocrx_word' id='word_1_136' title='bbox 1688 2448 1840 2515; x_wconf 88' lang='lat' dir='ltr'>monete</span> 
     </span>
     <span class='ocr_line' id='line_1_15' title="bbox 393 2585 1838 2687; baseline 0 -27"><span class='ocrx_word' id='word_1_137' title='bbox 393 2587 497 2687; x_wconf 87' lang='lat' dir='ltr'>regnj</span> <span class='ocrx_word' id='word_1_138' title='bbox 515 2586 627 2661; x_wconf 88' lang='lat' dir='ltr'>scotie</span> <span class='ocrx_word' id='word_1_139' title='bbox 643 2598 720 2684; x_wconf 79' lang='lat' dir='ltr'>que</span> <span class='ocrx_word' id='word_1_140' title='bbox 736 2585 918 2663; x_wconf 87' lang='lat' dir='ltr'>habemus</span> <span class='ocrx_word' id='word_1_141' title='bbox 934 2585 1096 2663; x_wconf 78' lang='lat' dir='ltr'>excucia</span> <span class='ocrx_word' id='word_1_142' title='bbox 1113 2594 1243 2662; x_wconf 80' lang='lat' dir='ltr'>anuati</span> <span class='ocrx_word' id='word_1_143' title='bbox 1259 2594 1299 2661; x_wconf 87' lang='lat' dir='ltr'>et</span> <span class='ocrx_word' id='word_1_144' title='bbox 1315 2585 1454 2662; x_wconf 88' lang='lat' dir='ltr'>leuand</span> <span class='ocrx_word' id='word_1_145' title='bbox 1471 2586 1520 2661; x_wconf 90' lang='lat' dir='ltr'>ad</span> <span class='ocrx_word' id='word_1_146' title='bbox 1554 2586 1651 2661; x_wconf 90' lang='lat' dir='ltr'>duos</span> <span class='ocrx_word' id='word_1_147' title='bbox 1679 2586 1740 2662; x_wconf 77' lang='lat' dir='ltr'>ani</span> <span class='ocrx_word' id='word_1_148' title='bbox 1765 2595 1838 2661; x_wconf 84' lang='lat' dir='ltr'>ter·</span> 
     </span>
    </p>
   </div>
   <div class='ocr_carea' id='block_1_5' title="bbox 393 2707 1837 2835">
    <p class='ocr_par' dir='ltr' id='par_1_5' title="bbox 393 2707 1837 2835">
     <span class='ocr_line' id='line_1_16' title="bbox 393 2707 1837 2835; baseline 0 -26"><span class='ocrx_word' id='word_1_149' title='bbox 393 2737 517 2809; x_wconf 88' lang='lat' dir='ltr'>minos</span> <span class='ocrx_word' id='word_1_150' title='bbox 536 2736 730 2809; x_wconf 88' lang='lat' dir='ltr'>consuetos</span> <span class='ocrx_word' id='word_1_151' title='bbox 747 2734 1003 2835; x_wconf 87' lang='lat' dir='ltr'>penthecostes</span> <span class='ocrx_word' id='word_1_152' title='bbox 1020 2736 1079 2831; x_wconf 61' lang='lat' dir='ltr'>vig</span> <span class='ocrx_word' id='word_1_153' title='bbox 1097 2743 1137 2807; x_wconf 87' lang='lat' dir='ltr'>et</span> <span class='ocrx_word' id='word_1_154' title='bbox 1159 2735 1275 2809; x_wconf 90' lang='lat' dir='ltr'>sancti</span> <span class='ocrx_word' id='word_1_155' title='bbox 1300 2707 1412 2808; x_wconf 72' lang='lat' dir='ltr'>riltiui</span> <span class='ocrx_word' id='word_1_156' title='bbox 1435 2735 1477 2809; x_wconf 91' lang='lat' dir='ltr'>in</span> <span class='ocrx_word' id='word_1_157' title='bbox 1501 2732 1628 2809; x_wconf 89' lang='lat' dir='ltr'>hieme</span> <span class='ocrx_word' id='word_1_158' title='bbox 1644 2762 1669 2831; x_wconf 88' lang='lat' dir='ltr'>p</span> <span class='ocrx_word' id='word_1_159' title='bbox 1685 2732 1837 2834; x_wconf 82' lang='lat' dir='ltr'>equales</span> 
     </span>
    </p>
   </div>
   <div class='ocr_carea' id='block_1_6' title="bbox 372 2879 1835 4899">
    <p class='ocr_par' dir='ltr' id='par_1_6' title="bbox 372 2879 1835 4899">
     <span class='ocr_line' id='line_1_17' title="bbox 372 2879 1832 2983; baseline -0.001 -26"><span class='ocrx_word' id='word_1_160' title='bbox 372 2950 375 2957; x_wconf 92' lang='lat'><em>.</em></span> <span class='ocrx_word' id='word_1_161' title='bbox 393 2883 583 2979; x_wconf 86' lang='lat' dir='ltr'>portiones</span> <span class='ocrx_word' id='word_1_162' title='bbox 612 2882 661 2955; x_wconf 93' lang='lat' dir='ltr'>de</span> <span class='ocrx_word' id='word_1_163' title='bbox 684 2891 764 2957; x_wconf 92' lang='lat' dir='ltr'>tota</span> <span class='ocrx_word' id='word_1_164' title='bbox 789 2891 828 2957; x_wconf 87' lang='lat' dir='ltr'>et</span> <span class='ocrx_word' id='word_1_165' title='bbox 852 2883 999 2983; x_wconf 87' lang='lat' dir='ltr'>integra</span> <span class='ocrx_word' id='word_1_166' title='bbox 1016 2890 1113 2956; x_wconf 88' lang='lat' dir='ltr'>terra</span> <span class='ocrx_word' id='word_1_167' title='bbox 1128 2880 1328 2978; x_wconf 87' lang='lat' dir='ltr'>posteriore</span> <span class='ocrx_word' id='word_1_168' title='bbox 1343 2889 1384 2955; x_wconf 87' lang='lat' dir='ltr'>et</span> <span class='ocrx_word' id='word_1_169' title='bbox 1400 2879 1514 2955; x_wconf 91' lang='lat' dir='ltr'>domo</span> <span class='ocrx_word' id='word_1_170' title='bbox 1531 2882 1632 2959; x_wconf 79' lang='lat' dir='ltr'>vasta</span> <span class='ocrx_word' id='word_1_171' title='bbox 1648 2882 1832 2957; x_wconf 85' lang='lat' dir='ltr'>anteriore</span> 
     </span>
     <span class='ocr_line' id='line_1_18' title="bbox 393 3025 1835 3127; baseline 0.001 -26"><span class='ocrx_word' id='word_1_172' title='bbox 393 3028 484 3109; x_wconf 90' lang='lat' dir='ltr'>olim</span> <span class='ocrx_word' id='word_1_173' title='bbox 512 3030 691 3103; x_wconf 76' lang='lat' dir='ltr'>tenemeti</span> <span class='ocrx_word' id='word_1_174' title='bbox 722 3030 779 3103; x_wconf 76' lang='lat' dir='ltr'>hri</span> <span class='ocrx_word' id='word_1_175' title='bbox 807 3040 884 3105; x_wconf 79' lang='lat' dir='ltr'>nire</span> <span class='ocrx_word' id='word_1_176' title='bbox 909 3052 1000 3107; x_wconf 90' lang='lat' dir='ltr'>vero</span> <span class='ocrx_word' id='word_1_177' title='bbox 1025 3028 1156 3125; x_wconf 74' lang='lat' dir='ltr'>ptineh</span> <span class='ocrx_word' id='word_1_178' title='bbox 1184 3026 1286 3101; x_wconf 88' lang='lat' dir='ltr'>dicto</span> <span class='ocrx_word' id='word_1_179' title='bbox 1308 3026 1436 3103; x_wconf 87' lang='lat' dir='ltr'>Alano</span> <span class='ocrx_word' id='word_1_180' title='bbox 1454 3025 1658 3101; x_wconf 88' lang='lat' dir='ltr'>Wilsoune</span> <span class='ocrx_word' id='word_1_181' title='bbox 1688 3027 1835 3127; x_wconf 72' lang='lat' dir='ltr'>burgen</span> 
     </span>
     <span class='ocr_line' id='line_1_19' title="bbox 393 3174 1833 3277; baseline 0 -28"><span class='ocrx_word' id='word_1_182' title='bbox 393 3176 485 3251; x_wconf 90' lang='lat' dir='ltr'>dicti</span> <span class='ocrx_word' id='word_1_183' title='bbox 514 3176 626 3276; x_wconf 81' lang='lat' dir='ltr'>burgi</span> <span class='ocrx_word' id='word_1_184' title='bbox 656 3186 694 3251; x_wconf 88' lang='lat' dir='ltr'>et</span> <span class='ocrx_word' id='word_1_185' title='bbox 721 3201 788 3277; x_wconf 92' lang='lat' dir='ltr'>per</span> <span class='ocrx_word' id='word_1_186' title='bbox 816 3200 885 3251; x_wconf 88' lang='lat' dir='ltr'>noe</span> <span class='ocrx_word' id='word_1_187' title='bbox 912 3176 1081 3275; x_wconf 85' lang='lat' dir='ltr'>predicto</span> <span class='ocrx_word' id='word_1_188' title='bbox 1098 3174 1206 3252; x_wconf 89' lang='lat' dir='ltr'>alano</span> <span class='ocrx_word' id='word_1_189' title='bbox 1222 3198 1291 3275; x_wconf 91' lang='lat' dir='ltr'>pro</span> <span class='ocrx_word' id='word_1_190' title='bbox 1308 3174 1520 3272; x_wconf 90' lang='lat' dir='ltr'>supradicto</span> <span class='ocrx_word' id='word_1_191' title='bbox 1536 3188 1637 3249; x_wconf 81' lang='lat' dir='ltr'>anuo</span> <span class='ocrx_word' id='word_1_192' title='bbox 1653 3175 1833 3262; x_wconf 76' lang='lat' dir='ltr'>redditur</span> 
     </span>
     <span class='ocr_line' id='line_1_20' title="bbox 391 3298 1834 3425; baseline -0.001 -24"><span class='ocrx_word' id='word_1_193' title='bbox 391 3337 554 3425; x_wconf 90' lang='lat' dir='ltr'>quatuor</span> <span class='ocrx_word' id='word_1_194' title='bbox 570 3298 737 3399; x_wconf 75' lang='lat' dir='ltr'>rilearum</span> <span class='ocrx_word' id='word_1_195' title='bbox 754 3325 795 3398; x_wconf 94' lang='lat' dir='ltr'>in</span> <span class='ocrx_word' id='word_1_196' title='bbox 811 3323 1021 3400; x_wconf 86' lang='lat' dir='ltr'>seodifirma</span> <span class='ocrx_word' id='word_1_197' title='bbox 1037 3321 1260 3399; x_wconf 81' lang='lat' dir='ltr'>hereditarie</span> <span class='ocrx_word' id='word_1_198' title='bbox 1276 3320 1425 3397; x_wconf 73' lang='lat' dir='ltr'>alsedat⁶</span> <span class='ocrx_word' id='word_1_199' title='bbox 1442 3344 1531 3397; x_wconf 92' lang='lat' dir='ltr'>cum</span> <span class='ocrx_word' id='word_1_200' title='bbox 1547 3323 1620 3397; x_wconf 88' lang='lat' dir='ltr'>suis</span> <span class='ocrx_word' id='word_1_201' title='bbox 1636 3323 1834 3419; x_wconf 84' lang='lat' dir='ltr'>ptinenciis</span> 
     </span>
     <span class='ocr_line' id='line_1_21' title="bbox 390 3468 1832 3570; baseline -0.001 -22"><span class='ocrx_word' id='word_1_202' title='bbox 390 3474 505 3549; x_wconf 87' lang='lat' dir='ltr'>Jaceii</span> <span class='ocrx_word' id='word_1_203' title='bbox 521 3473 562 3547; x_wconf 90' lang='lat' dir='ltr'>in</span> <span class='ocrx_word' id='word_1_204' title='bbox 579 3473 669 3549; x_wconf 85' lang='lat' dir='ltr'>villa</span> <span class='ocrx_word' id='word_1_205' title='bbox 686 3473 734 3546; x_wconf 90' lang='lat' dir='ltr'>de</span> <span class='ocrx_word' id='word_1_206' title='bbox 750 3472 844 3547; x_wconf 87' lang='lat' dir='ltr'>leith</span> <span class='ocrx_word' id='word_1_207' title='bbox 861 3496 912 3547; x_wconf 82' lang='lat' dir='ltr'>ex</span> <span class='ocrx_word' id='word_1_208' title='bbox 926 3480 990 3568; x_wconf 83' lang='lat' dir='ltr'>pte</span> <span class='ocrx_word' id='word_1_209' title='bbox 1005 3469 1154 3548; x_wconf 82' lang='lat' dir='ltr'>australi</span> <span class='ocrx_word' id='word_1_210' title='bbox 1170 3494 1269 3570; x_wconf 86' lang='lat' dir='ltr'>aque</span> <span class='ocrx_word' id='word_1_211' title='bbox 1286 3468 1390 3551; x_wconf 83' lang='lat' dir='ltr'>eiulh¹</span> <span class='ocrx_word' id='word_1_212' title='bbox 1405 3494 1524 3570; x_wconf 88' lang='lat' dir='ltr'>prope</span> <span class='ocrx_word' id='word_1_213' title='bbox 1540 3471 1615 3545; x_wconf 77' lang='lat' dir='ltr'>line</span> <span class='ocrx_word' id='word_1_214' title='bbox 1639 3469 1832 3546; x_wconf 87' lang='lat' dir='ltr'>australem</span> 
     </span>
     <span class='ocr_line' id='line_1_22' title="bbox 389 3616 1833 3720; baseline -0.001 -24"><span class='ocrx_word' id='word_1_215' title='bbox 389 3623 513 3720; x_wconf 89' lang='lat' dir='ltr'>pontis</span> <span class='ocrx_word' id='word_1_216' title='bbox 543 3621 591 3695; x_wconf 90' lang='lat' dir='ltr'>de</span> <span class='ocrx_word' id='word_1_217' title='bbox 617 3619 708 3697; x_wconf 85' lang='lat' dir='ltr'>leith</span> <span class='ocrx_word' id='word_1_218' title='bbox 732 3621 772 3695; x_wconf 94' lang='lat' dir='ltr'>in</span> <span class='ocrx_word' id='word_1_219' title='bbox 789 3618 984 3718; x_wconf 87' lang='lat' dir='ltr'>regalitate</span> <span class='ocrx_word' id='word_1_220' title='bbox 1001 3618 1048 3694; x_wconf 91' lang='lat' dir='ltr'>de</span> <span class='ocrx_word' id='word_1_221' title='bbox 1064 3617 1281 3702; x_wconf 80' lang='lat' dir='ltr'>bruchtouir¹</span> <span class='ocrx_word' id='word_1_222' title='bbox 1292 3625 1332 3692; x_wconf 90' lang='lat' dir='ltr'>et</span> <span class='ocrx_word' id='word_1_223' title='bbox 1347 3616 1444 3691; x_wconf 89' lang='lat' dir='ltr'>infra</span> <span class='ocrx_word' id='word_1_224' title='bbox 1459 3618 1767 3695; x_wconf 82' lang='lat' dir='ltr'>vicecomitatum</span> <span class='ocrx_word' id='word_1_225' title='bbox 1784 3618 1833 3695; x_wconf 92' lang='lat' dir='ltr'>de</span> 
     </span>
     <span class='ocr_line' id='line_1_23' title="bbox 390 3764 1831 3867; baseline 0.001 -26"><span class='ocrx_word' id='word_1_226' title='bbox 390 3768 617 3867; x_wconf 84' lang='lat' dir='ltr'>Ediuburgh</span> <span class='ocrx_word' id='word_1_227' title='bbox 634 3767 730 3842; x_wconf 80' lang='lat' dir='ltr'>iussa</span> <span class='ocrx_word' id='word_1_228' title='bbox 747 3774 862 3841; x_wconf 87' lang='lat' dir='ltr'>terras</span> <span class='ocrx_word' id='word_1_229' title='bbox 879 3766 994 3843; x_wconf 88' lang='lat' dir='ltr'>sancti</span> <span class='ocrx_word' id='word_1_230' title='bbox 1010 3765 1176 3843; x_wconf 88' lang='lat' dir='ltr'>leonardi</span> <span class='ocrx_word' id='word_1_231' title='bbox 1193 3765 1242 3840; x_wconf 89' lang='lat' dir='ltr'>de</span> <span class='ocrx_word' id='word_1_232' title='bbox 1256 3764 1350 3842; x_wconf 82' lang='lat' dir='ltr'>leith</span> <span class='ocrx_word' id='word_1_233' title='bbox 1367 3766 1415 3839; x_wconf 91' lang='lat' dir='ltr'>ad</span> <span class='ocrx_word' id='word_1_234' title='bbox 1431 3764 1509 3842; x_wconf 77' lang='lat' dir='ltr'>fine</span> <span class='ocrx_word' id='word_1_235' title='bbox 1525 3765 1602 3841; x_wconf 87' lang='lat' dir='ltr'>fine</span> <span class='ocrx_word' id='word_1_236' title='bbox 1615 3775 1720 3861; x_wconf 86' lang='lat' dir='ltr'>ptem</span> <span class='ocrx_word' id='word_1_237' title='bbox 1737 3770 1831 3843; x_wconf 86' lang='lat' dir='ltr'>occi-</span> 
     </span>
     <span class='ocr_line' id='line_1_24' title="bbox 389 3910 1830 4013; baseline -0.001 -25"><span class='ocrx_word' id='word_1_238' title='bbox 389 3914 578 4005; x_wconf 84' lang='lat' dir='ltr'>dentalem</span> <span class='ocrx_word' id='word_1_239' title='bbox 604 3914 720 3989; x_wconf 79' lang='lat' dir='ltr'>earnd</span> <span class='ocrx_word' id='word_1_240' title='bbox 747 3914 847 3989; x_wconf 89' lang='lat' dir='ltr'>inter</span> <span class='ocrx_word' id='word_1_241' title='bbox 873 3921 987 3989; x_wconf 89' lang='lat' dir='ltr'>terras</span> <span class='ocrx_word' id='word_1_242' title='bbox 1005 3912 1137 4013; x_wconf 90' lang='lat' dir='ltr'>quond</span> <span class='ocrx_word' id='word_1_243' title='bbox 1164 3910 1356 3989; x_wconf 83' lang='lat' dir='ltr'>alexandri</span> <span class='ocrx_word' id='word_1_244' title='bbox 1382 3911 1526 3988; x_wconf 86' lang='lat' dir='ltr'>brovne</span> <span class='ocrx_word' id='word_1_245' title='bbox 1550 3936 1599 3985; x_wconf 87' lang='lat' dir='ltr'>ex</span> <span class='ocrx_word' id='word_1_246' title='bbox 1622 3921 1687 4007; x_wconf 86' lang='lat' dir='ltr'>pte</span> <span class='ocrx_word' id='word_1_247' title='bbox 1710 3913 1830 3988; x_wconf 86' lang='lat' dir='ltr'>orien-</span> 
     </span>
     <span class='ocr_line' id='line_1_25' title="bbox 388 4058 1827 4161; baseline -0.001 -24"><span class='ocrx_word' id='word_1_248' title='bbox 388 4064 454 4138; x_wconf 88' lang='lat' dir='ltr'>tali</span> <span class='ocrx_word' id='word_1_249' title='bbox 470 4087 519 4137; x_wconf 85' lang='lat' dir='ltr'>ex</span> <span class='ocrx_word' id='word_1_250' title='bbox 535 4070 600 4160; x_wconf 87' lang='lat' dir='ltr'>pte</span> <span class='ocrx_word' id='word_1_251' title='bbox 617 4086 691 4138; x_wconf 87' lang='lat' dir='ltr'>vna</span> <span class='ocrx_word' id='word_1_252' title='bbox 707 4072 745 4137; x_wconf 89' lang='lat' dir='ltr'>et</span> <span class='ocrx_word' id='word_1_253' title='bbox 762 4072 860 4139; x_wconf 77' lang='lat' dir='ltr'>terra</span> <span class='ocrx_word' id='word_1_254' title='bbox 876 4062 979 4139; x_wconf 75' lang='lat' dir='ltr'>valta</span> <span class='ocrx_word' id='word_1_255' title='bbox 995 4061 1157 4138; x_wconf 88' lang='lat' dir='ltr'>Roberti</span> <span class='ocrx_word' id='word_1_256' title='bbox 1172 4060 1307 4161; x_wconf 89' lang='lat' dir='ltr'>logane</span> <span class='ocrx_word' id='word_1_257' title='bbox 1322 4060 1371 4135; x_wconf 91' lang='lat' dir='ltr'>de</span> <span class='ocrx_word' id='word_1_258' title='bbox 1388 4058 1554 4134; x_wconf 89' lang='lat' dir='ltr'>Cotseild</span> <span class='ocrx_word' id='word_1_259' title='bbox 1578 4083 1627 4133; x_wconf 86' lang='lat' dir='ltr'>ex</span> <span class='ocrx_word' id='word_1_260' title='bbox 1651 4067 1716 4157; x_wconf 81' lang='lat' dir='ltr'>pte</span> <span class='ocrx_word' id='word_1_261' title='bbox 1732 4061 1827 4135; x_wconf 88' lang='lat' dir='ltr'>oeci-</span> 
     </span>
     <span class='ocr_line' id='line_1_26' title="bbox 387 4207 1829 4310; baseline -0.001 -23"><span class='ocrx_word' id='word_1_262' title='bbox 387 4210 529 4287; x_wconf 88' lang='lat' dir='ltr'>dentali</span> <span class='ocrx_word' id='word_1_263' title='bbox 556 4232 605 4285; x_wconf 86' lang='lat' dir='ltr'>ex</span> <span class='ocrx_word' id='word_1_264' title='bbox 634 4219 698 4307; x_wconf 88' lang='lat' dir='ltr'>pte</span> <span class='ocrx_word' id='word_1_265' title='bbox 728 4209 844 4285; x_wconf 89' lang='lat' dir='ltr'>altera</span> <span class='ocrx_word' id='word_1_266' title='bbox 867 4219 983 4310; x_wconf 89' lang='lat' dir='ltr'>prout</span> <span class='ocrx_word' id='word_1_267' title='bbox 1007 4212 1048 4285; x_wconf 91' lang='lat' dir='ltr'>in</span> <span class='ocrx_word' id='word_1_268' title='bbox 1064 4217 1165 4285; x_wconf 89' lang='lat' dir='ltr'>carta</span> <span class='ocrx_word' id='word_1_269' title='bbox 1181 4211 1248 4285; x_wconf 80' lang='lat' dir='ltr'>ina</span> <span class='ocrx_word' id='word_1_270' title='bbox 1263 4207 1441 4308; x_wconf 86' lang='lat' dir='ltr'>predictis</span> <span class='ocrx_word' id='word_1_271' title='bbox 1458 4208 1573 4307; x_wconf 88' lang='lat' dir='ltr'>priori</span> <span class='ocrx_word' id='word_1_272' title='bbox 1589 4216 1630 4283; x_wconf 87' lang='lat' dir='ltr'>et</span> <span class='ocrx_word' id='word_1_273' title='bbox 1645 4210 1829 4286; x_wconf 77' lang='lat' dir='ltr'>eoueutui</span> 
     </span>
     <span class='ocr_line' id='line_1_27' title="bbox 387 4354 1827 4459; baseline 0.001 -27"><span class='ocrx_word' id='word_1_274' title='bbox 387 4359 546 4455; x_wconf 87' lang='lat' dir='ltr'>predicti</span> <span class='ocrx_word' id='word_1_275' title='bbox 572 4359 783 4457; x_wconf 86' lang='lat' dir='ltr'>monasterij</span> <span class='ocrx_word' id='word_1_276' title='bbox 813 4360 860 4433; x_wconf 89' lang='lat' dir='ltr'>de</span> <span class='ocrx_word' id='word_1_277' title='bbox 887 4358 1044 4433; x_wconf 81' lang='lat' dir='ltr'>melroio</span> <span class='ocrx_word' id='word_1_278' title='bbox 1069 4358 1183 4455; x_wconf 86' lang='lat' dir='ltr'>desup</span> <span class='ocrx_word' id='word_1_279' title='bbox 1203 4356 1327 4459; x_wconf 79' lang='lat' dir='ltr'>pfecta</span> <span class='ocrx_word' id='word_1_280' title='bbox 1350 4354 1499 4457; x_wconf 89' lang='lat' dir='ltr'>plenius</span> <span class='ocrx_word' id='word_1_281' title='bbox 1519 4357 1690 4458; x_wconf 77' lang='lat' dir='ltr'>ptinetur</span> <span class='ocrx_word' id='word_1_282' title='bbox 1706 4357 1827 4433; x_wconf 88' lang='lat' dir='ltr'>Vobis</span> 
     </span>
     <span class='ocr_line' id='line_1_28' title="bbox 386 4502 1826 4604; baseline 0.003 -29"><span class='ocrx_word' id='word_1_283' title='bbox 386 4502 506 4602; x_wconf 88' lang='lat' dir='ltr'>igitur</span> <span class='ocrx_word' id='word_1_284' title='bbox 521 4513 561 4579; x_wconf 92' lang='lat' dir='ltr'>et</span> <span class='ocrx_word' id='word_1_285' title='bbox 576 4508 660 4579; x_wconf 80' lang='lat' dir='ltr'>rim</span> <span class='ocrx_word' id='word_1_286' title='bbox 677 4506 832 4581; x_wconf 90' lang='lat' dir='ltr'>cuilibet</span> <span class='ocrx_word' id='word_1_287' title='bbox 849 4505 1029 4582; x_wconf 71' lang='lat' dir='ltr'>ceiirctim</span> <span class='ocrx_word' id='word_1_288' title='bbox 1047 4522 1073 4581; x_wconf 67' lang='lat' dir='ltr'>a</span> <span class='ocrx_word' id='word_1_289' title='bbox 1090 4504 1240 4580; x_wconf 81' lang='lat' dir='ltr'>diuisrm</span> <span class='ocrx_word' id='word_1_290' title='bbox 1256 4504 1460 4604; x_wconf 86' lang='lat' dir='ltr'>precipim9</span> <span class='ocrx_word' id='word_1_291' title='bbox 1477 4511 1516 4579; x_wconf 89' lang='lat' dir='ltr'>et</span> <span class='ocrx_word' id='word_1_292' title='bbox 1532 4504 1728 4581; x_wconf 74' lang='lat' dir='ltr'>mandam?</span> <span class='ocrx_word' id='word_1_293' title='bbox 1741 4507 1826 4604; x_wconf 65' lang='lat' dir='ltr'>dtis</span> 
     </span>
     <span class='ocr_line' id='line_1_29' title="bbox 387 4649 1825 4752; baseline -0.001 -28"><span class='ocrx_word' id='word_1_294' title='bbox 387 4651 473 4727; x_wconf 84' lang='lat' dir='ltr'>vifis</span> <span class='ocrx_word' id='word_1_295' title='bbox 490 4651 644 4749; x_wconf 69' lang='lat' dir='ltr'>potibus</span> <span class='ocrx_word' id='word_1_296' title='bbox 660 4652 816 4727; x_wconf 87' lang='lat' dir='ltr'>indilate</span> <span class='ocrx_word' id='word_1_297' title='bbox 831 4654 944 4729; x_wconf 75' lang='lat' dir='ltr'>sassrra</span> <span class='ocrx_word' id='word_1_298' title='bbox 960 4652 1099 4729; x_wconf 87' lang='lat' dir='ltr'>statum</span> <span class='ocrx_word' id='word_1_299' title='bbox 1123 4660 1163 4726; x_wconf 90' lang='lat' dir='ltr'>et</span> <span class='ocrx_word' id='word_1_300' title='bbox 1186 4652 1397 4752; x_wconf 80' lang='lat' dir='ltr'>potseffions</span> <span class='ocrx_word' id='word_1_301' title='bbox 1421 4650 1681 4727; x_wconf 87' lang='lat' dir='ltr'>hereditariam</span> <span class='ocrx_word' id='word_1_302' title='bbox 1706 4649 1825 4725; x_wconf 88' lang='lat' dir='ltr'>tocius</span> 
     </span>
     <span class='ocr_line' id='line_1_30' title="bbox 386 4773 1826 4899; baseline -0.005 -24"><span class='ocrx_word' id='word_1_303' title='bbox 386 4798 547 4895; x_wconf 83' lang='lat' dir='ltr'>predicti</span> <span class='ocrx_word' id='word_1_304' title='bbox 571 4797 711 4874; x_wconf 76' lang='lat' dir='ltr'>annalis</span> <span class='ocrx_word' id='word_1_305' title='bbox 728 4799 897 4875; x_wconf 90' lang='lat' dir='ltr'>redditus</span> <span class='ocrx_word' id='word_1_306' title='bbox 915 4808 1079 4899; x_wconf 90' lang='lat' dir='ltr'>quatuor</span> <span class='ocrx_word' id='word_1_307' title='bbox 1096 4773 1221 4877; x_wconf 70' lang='lat' dir='ltr'>dicaris</span> <span class='ocrx_word' id='word_1_308' title='bbox 1247 4811 1296 4875; x_wconf 78' lang='lat' dir='ltr'>cir</span> <span class='ocrx_word' id='word_1_309' title='bbox 1319 4798 1450 4895; x_wconf 79' lang='lat' dir='ltr'>ptineis</span> <span class='ocrx_word' id='word_1_310' title='bbox 1474 4794 1626 4895; x_wconf 83' lang='lat' dir='ltr'>prefatis</span> <span class='ocrx_word' id='word_1_311' title='bbox 1647 4793 1761 4893; x_wconf 91' lang='lat' dir='ltr'>priori</span> <span class='ocrx_word' id='word_1_312' title='bbox 1785 4804 1826 4870; x_wconf 91' lang='lat' dir='ltr'>et</span> 
     </span>
    </p>
   </div>
   <div class='ocr_carea' id='block_1_7' title="bbox 0 0 2218 5842">
    <p class='ocr_par' dir='ltr' id='par_1_7' title="bbox 0 0 2218 5842">
     <span class='ocr_line' id='line_1_31' title="bbox 0 0 2218 5842; baseline 0 8"><span class='ocrx_word' id='word_1_313' title='bbox 0 0 2218 5842; x_wconf 95' lang='lat' dir='ltr'> </span> 
     </span>
    </p>
   </div>
  </div>
 </body>
</html>
