4425 5842
978 589 1049 668 xxi

268 791 329 858 20.
356 795 560 882 Preeeptum
575 795 675 862 sasine
688 795 838 886 ejusdem.
885 797 976 886 Osig.

270 917 330 981 21.
356 919 469 984 Carta
482 918 657 986 Alexandri
673 917 714 984 de
728 918 869 985 Hauden
884 918 924 984 de
938 933 1022 984 terra
1034 917 1067 983 iu
1084 917 1231 984 Ylit'stun
1246 919 1372 986 vendita
1387 921 1550 984 Monac-ho
1573 933 1663 1008 porte
1684 922 1725 985 de

271 1039 414 1108 Melsos
427 1053 461 1107 et
476 1041 701 1107 suecessoribus
714 1041 793 1130 ejus.
840 1041 931 1128 orig.

267 1163 330 1226 22.
357 1165 467 1230 Carta
476 1163 632 1228 willelmi
642 1163 683 1229 de
698 1163 913 1252 Sprowistoun
926 1162 1091 1250 capellani,
1106 1162 1147 1228 de
1161 1163 1287 1229 terrain
1297 1165 1398 1230 Molle
1408 1187 1471 1252 que
1487 1166 1547 1230 suit
1564 1166 1723 1251 quondam

276 1287 423 1353 Amicis
437 1287 479 1356 de
492 1287 622 1377 capella,
638 1309 709 1354 eum
725 1286 859 1354 servitiis
872 1285 1060 1352 ieosatorum
1074 1287 1108 1351 in
1122 1285 1208 1352 dieto
1222 1299 1406 1354 tenemento.
1454 1292 1546 1377 Orig.

267 1411 330 1475 28.
357 1412 464 1477 carta
479 1411 604 1477 Thome
618 1409 782 1498 Ranuiphi
807 1407 917 1474 deses
931 1409 1043 1476 marcis
1064 1410 1226 1476 annuatim
1251 1411 1292 1477 de
1314 1411 1412 1477 firmis
1426 1413 1467 1476 de
1482 1413 1659 1499 Redepeth‚
1680 1414 1721 1477 ad

267 1531 490 1598 inveniendas
511 1531 610 1620 pisces
632 1531 798 1597 eonventui
822 1529 947 1596 duobus
969 1529 1080 1597 diebus
1095 1532 1236 1619 qualibet
1256 1531 1453 1624 hebdomada
1467 1532 1714 1620 quadragesime.

270 1654 380 1742 ore·
914 1745 916 1751 ,

268 1781 330 1843 24.
359 1779 480 1862 Quieta
507 1780 652 1846 clamatio
674 1783 697 1846 J
698 1780 787 1846 aeobi
816 1781 982 1848 Senesaalli
1013 1782 1117 1848 Seotie
1145 1782 1186 1847 de
1211 1781 1319 1847 decem
1349 1781 1455 1847 solidis
1486 1805 1567 1867 quos
1598 1783 1720 1846 Meiros

269 1901 449 1968 consuevit
463 1903 626 1968 annuatim
642 1901 760 1968 solvere
774 1924 833 1990 pro
847 1918 930 1969 terra
943 1903 976 1968 in
990 1902 1122 1970 baronia
1135 1901 1175 1967 de
1192 1901 1352 1969 quirwic·
1399 1905 1490 1990 Orig.

269 2024 333 2089 25.
360 2025 460 2090 Carta
474 2024 550 2091 Ade
571 2023 612 2090 de
637 2023 778 2112 Glesgeu
792 2025 956 2113 burgensis
977 2025 1018 2091 de
1033 2027 1165 2102 Berwic,
1187 2024 1228 2092 de
1250 2025 1358 2091 decem
1381 2025 1462 2091 acris
1487 2037 1569 2090 terre
1591 2025 1718 2090 arabilis

273 2167 348 2232 que
363 2158 517 2213 vocantur
532 2145 715 2213 Hiddeslaw
736 2148 769 2212 in
781 2125 965 2214 'tenemento
980 2147 1021 2214 de
1035 2147 1238 2237 Bondington
1249 2149 1348 2236 juxta
1363 2148 1547 2213 Berwicum.
1592 2149 1716 2239 Regis&

273 2280 396 2336 reem&

274 2391 337 2460 26.
364 2395 462 2459 Carta
476 2392 653 2460 Alexandri
664 2393 801 2460 Joeelim
814 2393 979 2482 burgensis
989 2393 1030 2459 de
1042 2393 1159 2474 Petilia,
1174 2392 1216 2458 de
1230 2394 1359 2459 terrain
1369 2395 1508 2459 somerio
1517 2393 1559 2457 de
1569 2392 1719 2479 Briggate

274 2515 312 2580 in
330 2515 408 2580 villa
420 2515 463 2583 de
477 2517 607 2584 Berwic.
652 2517 776 2606 Regist.
791 2527 900 2584 recent.

274 2641 338 2708 27.
364 2641 461 2705 Casta
476 2613 616 2705 Mariote
630 2639 671 2705 de
686 2641 856 2722 monachis,
868 2639 908 2707 de
920 2652 1003 2706 terra
1012 2639 1045 2705 in
1059 2642 1245 2730 Narewgate
1257 2663 1353 2727 super
1366 2640 1396 2706 le
1407 2642 1505 2706 Nesse
1519 2637 1602 2704 infra
1610 2637 1718 2704 villam

275 2761 325 2826 de
341 2761 469 2827 Berwic.
514 2765 638 2851 Regias
654 2773 764 2830 recent.

276 2887 338 2948 28.
365 2886 462 2950 Carta
476 2885 642 2950 Eustachii
658 2888 766 2952 Brune
779 2885 944 2974 burgensis
957 2885 998 2952 de
1014 2887 1146 2965 Berwic,
1162 2885 1299 2951 deterre
1312 2885 1344 2950 in
1361 2886 1565 2970 Narrowgate
1579 2907 1674 2971 super
1688 2883 1717 2948 le

278 3010 392 3072 Nesse.
440 3007 560 3095 Regias
576 3019 684 3076 recent.

277 3132 335 3200 29.
359 3131 493 3215 Inquest
506 3130 570 3196 sud
579 3131 783 3198 Deliveranee
797 3131 836 3197 oi
846 3131 898 3198 the
909 3131 1020 3198 Assize
1034 3142 1129 3196 anent
1141 3130 1194 3195 the
1208 3129 1306 3195 clame
1321 3130 1359 3226 af
1371 3129 1424 3194 the
1438 3127 1534 3195 abbot
1549 3126 1587 3192 oi
1593 3126 1716 3193 Meiros

280 3265 317 3316 ω
340 3251 440 3330 ands,
466 3253 579 3318 sousa
603 3254 667 3321 and
691 3255 821 3344 sssings
834 3256 872 3321 os
883 3254 1012 3321 servio.
1056 3253 1115 3318 sa
1128 3253 1311 3342 apographo
1323 3275 1402 3319 eum
1415 3231 1569 3340 qimam
1587 3250 1717 3316 Waarz

277 3373 487 3454 Madarlane
500 3378 625 3464 scripto,
642 3381 676 3442 in
692 3377 773 3444 Bibl.
791 3379 902 3446 Advoc.
919 3379 1019 3444 Edita.
