4425 5842
447 520 520 597 624
800 516 1162 597 MUNIMENTA
1186 512 1267 591 DE
1293 510 1533 591 Manlios.
1620 536 1883 601 cacan-xm.

452 726 647 838 Bmittitur
663 738 753 815 fact·
769 738 888 815 fuima
904 764 971 836 pro
995 662 1101 839 pilia
1118 739 1216 829 dion
1231 738 1375 815 abbatia
1390 746 1431 813 et
1446 746 1603 813 conetur
1617 742 1787 841 requititi
1802 746 1883 843 qiua

360 904 362 909 '
451 888 529 985 ilias
544 890 616 960 tras
633 860 831 961 tranlsurlle
846 895 885 959 et
902 884 1116 985 exemplare
1131 909 1199 984 per
1213 884 1380 985 aliquem
1396 886 1543 961 notarir'r
1565 886 1763 985 publicum
1788 900 1885 964 tran-

452 1034 633 1133 sumptaq,
649 1042 688 1107 et
704 1032 877 1131 exempla
892 1055 981 1109 cum
998 1032 1068 1131 iiiia
1085 1032 1327 1132 originalibus
1342 1034 1407 1106 tris
1434 1032 1561 1107 debite
1582 1033 1818 1111 collationato
1834 1040 1883 1112 eis

452 1181 532 1255 dari
548 1190 587 1255 et
603 1180 757 1255 concedi
773 1180 922 1281 lidemq„
937 1180 1010 1255 illis
1026 1180 1205 1257 adhihere
1221 1180 1398 1255 mandare
1422 1204 1466 1255 ac
1494 1180 1688 1257 decretum
1717 1186 1883 1260 nostrum

451 1330 492 1403 in
521 1328 593 1403 hiis
621 1300 822 1427 inlponere
850 1351 1064 1403 curaremus
1095 1326 1223 1401 debita
1249 1334 1298 1401 cfr
1330 1326 1509 1402 instancia
1540 1328 1709 1427 requifiti
1742 1330 1885 1407 Idcirco

451 1475 601 1549 attedei
618 1474 869 1573 requifitidem
887 1474 990 1549 luitoi
1016 1474 1096 1549 fore
1112 1474 1139 1548 J
1142 1474 1260 1548 ustam
1277 1484 1317 1548 et
1332 1474 1490 1549 Rationi
1519 1476 1719 1550 consonam
1745 1480 1884 1577 preind-

451 1632 507 1699 tas
523 1626 596 1697 iras
613 1646 679 1721 per
695 1622 842 1697 notaria
861 1621 1013 1721 publicu
1031 1621 1264 1721 infrascripti]
1281 1620 1473 1695 tranffumi
1496 1622 1687 1697 transcribi
1703 1632 1743 1699 et
1758 1650 1884 1701 exem-

452 1770 546 1869 plari
572 1768 704 1845 secim9
721 1780 760 1843 et
788 1770 996 1843 madiimus
1028 1768 1181 1869 sigilliq,
1211 1770 1268 1843 riri
1292 1769 1407 1843 officii
1422 1769 1461 1841 in
1479 1768 1596 1844 fidem
1612 1773 1691 1845 uim
1707 1758 1879 1870 {lmiilon‘r
1969 1810 1974 1817 ·

450 1918 477 1995 J
482 1916 633 1994 uffimus
652 1932 678 1993 t
694 1918 852 1992 fecimus
878 1916 1073 2017 appefione
1101 1916 1289 1991 comuniri
1313 1916 1354 1989 in
1377 1914 1508 2014 p‘miffl
1522 1916 1673 1992 offiibus
1690 1934 1716 1993 'a
1733 1920 1884 2019 singulis

450 2075 563 2165 prout
589 2090 657 2141 nos
683 2064 873 2163 poisumus
902 2072 942 2139 et
967 2064 1149 2138 debemus
1165 2064 1340 2162 opponeh
1356 2061 1550 2138 decretum
1566 2067 1883 2142 etauctoritatem

449 2238 492 2289 ac
508 2214 690 2287 decerneh
705 2220 750 2287 ut
766 2212 855 2286 huic
871 2212 954 2309 finti
971 2210 1218 2308 transsumpto
1234 2220 1311 2283 tam
1329 2210 1368 2282 in
1382 2209 1536 2284 Judicio
1552 2212 1598 2308 q‘
1608 2222 1713 2286 extra
1728 2238 1772 2288 ac
1787 2216 1883 2315 vbiq„

449 2360 574 2435 locon'r
604 2360 697 2435 fides
726 2358 836 2458 plena
861 2356 1083 2431 adhibeatur
1112 2356 1234 2455 qualis
1261 2364 1301 2431 et
1317 2364 1432 2454 quota
1455 2356 1529 2431 eisd
1554 2358 1798 2457 originalibus
1820 2364 1883 2436 tris

450 2508 690 2582 adhiberetur
718 2506 745 2579 fi
775 2505 814 2579 in
842 2505 969 2578 medifi
995 2504 1263 2601 produceretur
1280 2504 1430 2577 Datum
1450 2514 1580 2581 tactu
1596 2504 1637 2578 in
1654 2507 1765 2581 eoclia
1780 2509 1880 2583 beati

448 2652 571 2753 egidie
587 2652 635 2727 de
646 2649 875 2751 Edinburgh
891 2648 974 2724 loco
986 2647 1177 2750 olistoriali
1193 2648 1298 2723 eiuid
1317 2648 1424 2723 solito
1440 2657 1480 2725 et
1496 2652 1671 2727 consueto
1687 2654 1799 2728 tercio
1817 2656 1880 2730 die

448 2805 534 2877 niell
549 2798 694 2899 Aprilis
712 2798 830 2873 Anno
856 2798 922 2872 dni
949 2796 1144 2871 millesimo
1160 2796 1527 2897 quadringentesimo
1549 2800 1786 2899 nonagelimo
1801 2805 1881 2903 sep-

448 2952 544 3026 timo
561 2950 773 3024 Indictione
790 2946 1043 3045 decimaquita
1060 2944 1300 3045 pontificatus
1321 2944 1469 3019 sdiffimi
1496 2946 1538 3020 in
1562 2948 1639 3046 xio
1664 2949 1738 3047 ‘dria
1761 2960 1802 3023 et
1818 2952 1882 3025 dii

451 3099 509 3173 tiri
525 3096 591 3171 ddi
609 3095 741 3169 Aleiri
765 3094 854 3167 dina
878 3092 1120 3192 prouidencia
1135 3114 1232 3190 pape
1248 3091 1342 3166 sexti
1359 3092 1478 3165 Anno
1494 3096 1607 3191 quito
1624 3093 1788 3172 Pritibus
1804 3099 1883 3175 ibid

448 3242 722 3319 venerabilibus
741 3256 767 3317 t
784 3240 946 3315 discretis
963 3240 1052 3313 viris
1076 3240 1214 3337 magris
1231 3247 1271 3313 et
1287 3237 1371 3313 dois
1388 3238 1536 3315 Thomu
1552 3240 1718 3339 grenlaw
1743 3247 1883 3353 nicorio

448 3394 496 3468 de
522 3390 617 3467 airth
651 3388 825 3464 Johanne
849 3385 966 3481 fleury
994 3386 1159 3461 Rectore
1181 3384 1231 3458 de
1257 3384 1481 3483 pinkertone
1513 3386 1679 3488 Georgio
1696 3391 1820 3468 Cottia
1843 3406 1883 3469 et

447 3538 600 3613 waltero
617 3536 798 3611 falconare
815 3533 914 3633 pltris
931 3556 974 3607 ac
990 3530 1143 3605 notariis
1160 3530 1319 3630 publicis
1330 3490 1509 3614 ‚Tehibus
1521 3534 1568 3608 ad
1586 3536 1728 3634 p‘mill'a
1743 3544 1882 3615 vocatis

447 3658 545 3783 „aa
564 3684 744 3785 ungatis·

668 3983 724 4059 Et
750 4006 822 4082 ego
852 3980 1047 4079 Georgeus
1075 3978 1264 4055 Newtorie
1289 3980 1359 4076 pbr
1382 3976 1561 4079 glasgueii
1593 3980 1679 4057 dioc
1710 3984 1883 4083 publicus

668 4129 933 4206 autoritatibus
951 4125 1100 4221 Impiali
1116 4133 1156 4199 et
1172 4123 1309 4224 Regali
1326 4126 1494 4200 notarius
1510 4128 1646 4228 curieqs
1660 4130 1879 4205 officialatus

670 4277 933 4353 Sauctiaudrce
957 4274 1052 4347 infra
1076 4272 1377 4349 archidiaconatu
1400 4272 1577 4349 laudonie
1591 4276 1704 4351 scriba
1718 4278 1879 4355 Juratus

667 4422 921 4522 predictarum
964 4422 1104 4493 irarum
1138 4420 1341 4518 ablioarum
1374 4420 1650 4512 tranil'umedaa
1682 4424 1880 4501 tradicioni

665 4566 895 4665 Recepoioni
912 4565 1174 4641 auscultationi
1190 4566 1435 4641 examiacioni
1451 4578 1573 4669 eardq,
1588 4580 1636 4643 cu
1660 4570 1744 4668 {inti
1767 4574 1880 4647 trans·

670 4715 821 4812 sumpto
842 4711 1033 4788 collacioni
1060 4722 1099 4786 et
1128 4712 1286 4812 predicti
1311 4711 1377 4788 diii
1400 4712 1566 4789 officialia
1584 4714 1737 4791 decreto
1754 4692 1883 4819 cellsffi

666 4861 814 4939 onibus
840 4870 879 4937 et
895 4858 1020 4963 singlis
1045 4860 1141 4937 dum
1165 4860 1214 4935 lic
1230 4868 1276 4936 ut
1291 4844 1436 4959 {imitti2
1450 4860 1633 4970 dicerent2
1647 4867 1817 4965 agerentz
1840 4880 1881 4941 et
