4425 5842
422 502 499 597 6⁰⁶
772 502 1128 593 MUNIMENTA
1155 506 1238 585 DE
1262 502 1504 587 mutuos
1588 518 1854 587 mcxv-rvr.
2149 10 2167 650 ἲ

423 726 609 825 sepedicto
626 742 725 805 anuo
741 728 893 805 redditu
909 730 1072 830 quatuor
1087 754 1297 808 marcorum
1314 724 1404 804 ou'm
1419 727 1658 831 pertinencija
1670 724 1854 829 per'quos·
2165 689 2166 716 ἶ

424 896 547 973 cumq,
568 873 677 951 Juste
700 876 803 976 exigi
826 884 1006 977 poterunt
1031 874 1316 975 quomodolibet
1339 876 1402 951 vel
1426 876 1564 975 requirj
1593 876 1650 950 Et
1672 900 1743 951 uos
1767 898 1853 952 vero

424 1018 548 1105 dictus
565 1022 754 1121 dompnus
771 1021 974 1099 bernardus
990 1021 1064 1099 bell
1082 1023 1237 1097 herodes
1256 1022 1370 1097 nostri
1393 1031 1434 1097 et
1457 1022 1623 1121 affignatj
1651 1026 1796 1098 Totum
1817 1034 1854 1097 et

426 1166 626 1267 Integrum
643 1170 888 1269 prescriptum
906 1184 1049 1245 anuum
1065 1170 1258 1245 redditum
1271 1178 1435 1269 quatuor
1446 1194 1655 1245 marcarum
1672 1196 1761 1246 cum
1778 1196 1855 1271 per-

425 1315 596 1413 tinencijs
613 1315 764 1416 prefatis
782 1316 892 1415 priorj
912 1325 952 1391 et
963 1318 1125 1417 puentui
1141 1317 1233 1415 dictj
1253 1316 1459 1414 monasterij
1484 1316 1534 1390 de
1557 1316 1700 1391 metron
1723 1329 1763 1393 et
1786 1308 1856 1393 suis
2165 1279 2166 1300 Χ

424 1462 682 1543 suecessoribus
698 1466 768 1564 qui
784 1488 852 1563 pro
870 1472 1040 1563 tempore
1053 1464 1196 1539 fuerint
1212 1463 1326 1573 Adeo
1341 1463 1458 1539 libere
1474 1473 1514 1538 et
1529 1464 1658 1564 quiete
1674 1465 1715 1539 in
1738 1466 1854 1539 omni·

425 1609 497 1684 bus
514 1626 540 1685 t
558 1634 624 1711 per
652 1613 780 1687 omnia
808 1611 927 1686 forma
956 1612 1094 1711 pariter
1121 1620 1161 1685 et
1189 1610 1327 1685 effectu
1344 1619 1389 1684 vt
1413 1610 1628 1708 premissum
1653 1612 1708 1685 est
1731 1622 1857 1687 contra

425 1780 556 1833 omnes
572 1757 746 1832 mortales
765 1757 1111 1833 warantizabimus
1135 1757 1433 1856 acquietabimus
1457 1765 1497 1831 et
1523 1758 1771 1855 Imperpetui'r
1795 1760 1855 1832 de·

426 1903 624 1981 sondemus
658 1904 706 1979 In
732 1904 854 1981 Cuius
879 1903 952 2003 Rej
981 1904 1237 1978 testimonium
1256 1903 1432 2002 Sigillum
1460 1904 1630 1977 nostrum
1660 1902 1751 1981 huic
1777 1906 1855 2003 pntj

427 2060 527 2128 carte
542 2050 663 2127 nostre
679 2051 732 2126 est
749 2051 975 2151 Appensum
999 2050 1124 2150 Apud
1141 2048 1353 2149 predictum
1370 2050 1703 2125 monasteriumdc
1718 2054 1859 2132 mehoss

429 2162 600 2297 Septimo
626 2197 688 2272 dic
716 2196 851 2271 mensis
880 2195 973 2299 Julij
993 2196 1115 2272 Anno
1130 2196 1290 2294 Dominj
1319 2194 1521 2270 Millesrmo
1546 2196 1859 2296 Quingentesrmo

428 2345 592 2425 Decimo
609 2344 745 2421 Coram
763 2344 835 2441 hijs
852 2344 1009 2423 testibus
1033 2346 1092 2439 vi3
1123 2342 1299 2418 Johanne
1315 2342 1467 2417 Betouo
1496 2341 1575 2417 filio
1590 2353 1631 2419 et
1646 2343 1785 2420 herede
1799 2371 1862 2447 op

428 2500 582 2589 parente
599 2528 790 2555 ·······
810 2491 948 2565 hetone
964 2490 1013 2564 de
1026 2488 1177 2564 halsour
1204 2489 1380 2587 magistro
1396 2489 1425 2564 J
1424 2488 1571 2563 ohanne
1587 2490 1723 2565 Hume
1744 2492 1861 2567 fratre

427 2658 606 2737 germano
636 2635 769 2713 Dauid
799 2636 933 2711 Hume
962 2634 1010 2710 de
1040 2634 1327 2711 Weddirhume
1356 2634 1487 2710 militis
1524 2636 1680 2711 Andrea
1709 2640 1858 2715 Betouri

428 2785 456 2863 J
456 2783 604 2858 ohanne
616 2782 879 2882 Hamyltoune
903 2806 1065 2883 georgeo
1082 2781 1262 2859 tumbule
1278 2790 1318 2857 et
1335 2782 1507 2857 Domino
1522 2782 1696 2861 Johanne
1708 2783 1861 2861 Wrioht

426 2930 617 3031 capellano
634 2931 734 3007 Cum
752 2930 883 3007 multis
900 2928 1005 3028 alijs.

428 3234 614 3331 Preeeptri
631 3232 730 3331 ddda
745 3233 854 3330 super
869 3230 981 3305 fasma
998 3231 1127 3330 q‘tuor
1144 3206 1312 3309 rlloarum
1328 3232 1377 3305 de
1394 3229 1511 3306 Leith
1529 3272 1539 3293 ·

431 3508 645 3625 Dompnus
673 3522 884 3600 Bernardus
901 3524 985 3599 Bell
1002 3524 1208 3599 monachus
1223 3526 1435 3625 monasterij
1462 3525 1511 3599 de
1531 3524 1680 3600 melros
1695 3528 1760 3602 Ac
1774 3551 1864 3627 pen⁴

429 3671 612 3751 cionarius
638 3671 686 3745 de
711 3670 938 3770 mauehlyne
968 3668 1125 3746 Necnon
1142 3670 1243 3745 filius
1260 3682 1300 3746 et
1329 3672 1435 3746 heres
1450 3675 1581 3771 quond
1598 3671 1766 3747 willelmi
1788 3672 1862 3747 bell

429 3819 599 3919 turgent
616 3818 726 3917 burgi
754 3818 802 3893 de
820 3818 1048 3919 Edinhurgh
1065 3818 1229 3894 Dilectis
1253 3820 1328 3893 dria
1345 3819 1473 3893 Alano
1492 3818 1663 3893 Wilsone
1689 3820 1860 3899 michaeli

428 3968 525 4047 brut
553 3968 797 4068 burgensibus
825 3966 918 4045 dieti
948 3967 1059 4066 burgi
1088 3975 1129 4042 et
1156 3965 1324 4043 Johanni
1349 3965 1493 4040 betoun
1519 3990 1561 4039 ac
1595 3990 1728 4042 eorum
1757 3967 1863 4042 alteri

425 4114 611 4214 piunctim
630 4124 668 4189 et
683 4115 832 4190 diuifim
850 4114 996 4189 balliuis
1014 4112 1089 4187 liris
1105 4111 1233 4189 inhac
1248 4121 1355 4211 parte
1370 4110 1575 4210 specialiter
1586 4112 1740 4213 pstitutt
1763 4112 1857 4186 salu-

429 4269 507 4333 tem
525 4260 623 4345 Quia
638 4284 707 4333 nos
723 4261 848 4335 dictus
865 4258 1054 4357 dompnus
1080 4258 1283 4333 bernardus
1309 4259 1357 4332 In
1381 4258 1533 4333 laudem
1552 4258 1772 4334 ehonorem
1796 4257 1860 4332 dei

428 4406 661 4503 omipotentt‘
687 4404 932 4503 beatishmeg
947 4402 1103 4502 gloriose
1130 4404 1288 4503 virginis
1317 4404 1434 4479 marie
1458 4404 1589 4479 matris
1616 4404 1681 4478 sue
1712 4412 1753 4478 et
1785 4406 1865 4481 oim

428 4554 580 4641 sanctor
596 4550 657 4624 dei
674 4550 761 4624 dedi
778 4559 816 4625 et
833 4549 985 4624 concessi
1011 4549 1233 4625 hereditarie
1248 4550 1494 4647 venerabilih3
1511 4560 1552 4625 et
1579 4550 1758 4651 religiosis
1775 4553 1864 4632 viris

429 4700 543 4801 priori
559 4707 600 4773 et
611 4698 773 4799 puerrtui
791 4697 884 4771 dicti
911 4695 1118 4796 monasterij
1144 4699 1194 4775 de
1216 4696 1359 4773 melros
1384 4707 1424 4772 et
1448 4698 1521 4773 suia
1544 4698 1777 4797 successorib3
1794 4700 1864 4800 qui

428 4872 496 4947 pro
521 4860 690 4947 tempore
721 4844 862 4928 fuerint
896 4843 944 4921 Iu
970 4866 1105 4945 puram
1140 4843 1297 4925 liberam
1328 4854 1369 4923 et
1399 4854 1623 4949 perpetuam
1655 4845 1866 4922 donacione
