4425 5842
400 555 497 610 ano.
513 554 602 609 rac.
616 555 660 608 11.
754 528 1114 607 MUNIMENTA
1139 526 1219 602 DE
1246 527 1487 604 MELROS.
1763 537 1837 611 557

623 754 678 827 Et
704 776 775 851 ego
794 754 944 828 Robtus
974 752 1021 825 de
1049 748 1180 845 lithcw
1209 750 1325 824 cticus
1350 750 1527 849 glasgueir
1552 749 1637 824 dioc
1661 749 1836 845 publicus

622 902 740 1001 apiica
756 909 796 977 et
815 898 963 997 lmpiali
979 897 1244 973 autoritatibus
1256 898 1423 972 notarius
1441 898 1543 986 Quia
1555 882 1674 995 Bmidi
1686 898 1836 973 omibus

622 1058 662 1124 et
677 1047 802 1149 tinglis
819 1047 872 1120 du
889 1045 1000 1120 ficut
1016 1030 1178 1143 &mittis
1195 1044 1333 1143 ageretz
1349 1044 1531 1118 dicerent²
1542 1054 1582 1117 et
1597 1045 1702 1118 fieret
1715 1055 1837 1119 vnacr'r

622 1195 776 1270 testibus
794 1179 945 1292 enotare
970 1192 1038 1291 ens
1054 1163 1174 1266 511an
1191 1215 1267 1290 oq,
1283 1191 1330 1265 fic
1346 1191 1446 1264 onia
1462 1199 1501 1265 et
1518 1190 1634 1292 angla
1648 1190 1730 1265 aaa
1745 1192 1837 1266 serui

622 1342 703 1415 vidi
732 1352 770 1415 et
795 1341 928 1415 audiui
945 1355 972 1413 t
989 1340 1028 1413 in
1054 1348 1145 1413 nota
1168 1340 1290 1437 recepi
1307 1338 1373 1412 Vii
1388 1337 1460 1413 hoc
1482 1339 1551 1435 pins
1566 1343 1655 1437 pucfi
1678 1338 1833 1412 Instrutt·

620 1512 736 1563 manu
754 1512 839 1562 mea
855 1488 938 1587 pp¹a
954 1488 1111 1585 sc'ptum
1128 1484 1267 1559 exinde
1278 1486 1376 1587 pfeci
1389 1486 1537 1560 extraxi
1550 1485 1744 1585 publieaui
1758 1487 1837 1561 uin

621 1634 688 1709 hac
717 1634 867 1734 publica
893 1634 1014 1707 sonna
1038 1632 1166 1731 redegi
1193 1650 1219 1707 t
1242 1632 1407 1730 subsc¹ps1
1426 1633 1576 1731 signoq,
1592 1649 1619 1707 a
1635 1635 1723 1708 noie
1743 1634 1837 1707 meis

621 1780 724 1865 solite
751 1790 791 1855 et
817 1781 991 1862 consuete
1021 1778 1166 1877 fignaui
1204 1779 1252 1853 In
1277 1778 1392 1852 fidem
1418 1786 1458 1853 et
1482 1779 1697 1855 testimonio
1718 1754 1835 1862 ditate

621 1929 699 2001 oim
719 1944 744 2003 t
760 1926 921 2029 {inglorii
938 1911 1114 2024 fimitson'r
1130 1897 1246 2022 [palii
1257 1925 1404 2024 Rogata
1421 1933 1460 1999 et
1476 1924 1664 2025 Req'dtus
1680 1968 1690 1989 ·

404 2221 630 2323 Compofitio
646 2223 694 2299 de
710 2223 867 2297 decimis
884 2221 932 2297 de
948 2219 1236 2297 Edmondston·

402 2500 498 2595 Hec
516 2517 724 2593 Indentura
740 2515 839 2589 facta
854 2516 956 2614 apud
969 2514 1219 2591 Sanctuandr‘
1235 2513 1382 2590 decimo
1396 2515 1502 2590 sexto
1515 2516 1578 2591 die
1591 2515 1730 2591 Mentis
1743 2515 1836 2615 Maij

402 2666 520 2739 Anno
545 2664 612 2738 diii
635 2663 825 2742 ‹sitlefimo
849 2663 1215 2761 quadringentesimo
1238 2664 1523 2763 quiquagefimo
1547 2667 1672 2739 terior
1687 2666 1837 2739 Putea

400 2810 643 2886 auctorisante
654 2810 882 2884 Reuerendo
893 2810 933 2883 in
948 2810 1024 2907 xpo
1036 2818 1143 2907 patre
1158 2834 1203 2883 ac
1218 2808 1294 2882 diio
1303 2810 1331 2883 J
1331 2810 1446 2884 aeobo
1462 2811 1524 2884 dei
1540 2822 1579 2885 et
1595 2813 1713 2911 aptiae
1732 2811 1837 2888 sedis

402 2958 524 3057 gracia
554 2957 639 3056 Epo
674 2957 908 3034 Sanctiandr‘
928 2997 936 3017 ·
956 2957 1064 3032 Inter
1098 2932 1324 3030 Veiiabilem
1356 2956 1396 3030 in
1439 2957 1516 3055 xpo
1556 2966 1702 3057 patrem
1744 2957 1839 3031 ddm

403 3104 600 3181 Andream
624 3105 817 3180 Abbatem
842 3105 891 3178 de
917 3103 1058 3177 Melros
1074 3104 1174 3180 rf‘res
1197 3104 1334 3178 Johem
1352 3103 1590 3180 Medilmastr
1605 3106 1838 3205 supp²orem1

403 3251 531 3326 thoma
548 3250 596 3325 de
613 3250 800 3327 Stanlrous
814 3277 828 3325 r
840 3259 879 3325 et
905 3250 1098 3327 Simonem
1116 3249 1276 3327 Waules
1289 3276 1299 3325 1
1314 3252 1406 3325 dicti
1430 3252 1639 3350 monasterij
1666 3262 1839 3327 comona-

401 3399 489 3477 chos
503 3426 516 3473 r
529 3424 597 3498 pro
613 3400 650 3474 se
666 3406 705 3474 et
721 3401 788 3473 suo
805 3408 969 3472 conuetu
985 3398 1188 3475 rhabentes
1204 3398 1252 3472 ad
1268 3397 1471 3498 infrasc¹pta
1483 3398 1668 3474 sufficiens
1684 3399 1838 3474 manda·

400 3556 487 3649 tum
502 3547 572 3622 sub
588 3546 646 3622 cci
665 3544 797 3645 Sigillo
814 3544 985 3619 eiusdem
1010 3546 1222 3620 monasterii
1238 3545 1402 3621 rordinis
1419 3544 1620 3622 Cistercied
1634 3548 1836 3648 rglatgueir

403 3694 501 3768 dioc
517 3694 564 3767 ab
580 3718 676 3768 vna·
691 3700 730 3767 et
746 3694 892 3793 magros
909 3691 1038 3767 Adam
1057 3694 1105 3767 de
1118 3690 1292 3793 hepburd
1309 3694 1450 3770 decano
1465 3720 1474 3770 r
1488 3695 1627 3770 Johem
1645 3696 1693 3769 de
1709 3696 1838 3771 Meth-

404 3863 478 3913 ven
488 3840 680 3915 decretura
692 3840 885 3916 doctorem
900 3879 910 3902 ·
926 3839 1150 3914 Alexandn'r
1167 3839 1216 3914 de
1239 3840 1423 3915 casteloar‘
1439 3850 1480 3915 et
1495 3843 1523 3916 J
1523 3842 1634 3915 chem
1651 3843 1699 3915 de
1716 3842 1839 3918 Ottir-
1934 3933 1942 3940 ,

405 3987 503 4063 burd
515 4025 525 4048 ·
539 3986 768 4086 Archipttrm
784 3988 897 4063 ecctie
914 3986 1121 4087 Collegiate
1137 3988 1186 4062 de
1202 3986 1366 4061 Dunbar
1384 3988 1621 4095 Sanctiandr‘
1636 3987 1737 4063 dioc‘
1751 4013 1839 4064 con

403 4134 598 4209 canonicos
610 4161 623 4208 r
634 4132 811 4209 habentes
827 4135 1012 4210 sufficiens
1024 4133 1205 4210 mandatu
1222 4134 1298 4209 ecia
1309 4134 1358 4207 ad
1370 4132 1599 4234 infrascripta
1612 4161 1621 4211 r
1633 4137 1692 4210 coi
1706 4137 1840 4237 sigillo

401 4279 571 4382 Capituli
585 4281 752 4358 eiusdem
764 4280 924 4383 collegii
936 4282 1112 4357 roboratr'i
1126 4316 1137 4353 ι
1149 4306 1218 4381 pro
1235 4283 1272 4356 se
1286 4290 1348 4357 ret
1364 4282 1439 4357 suis
1455 4284 1686 4359 cocanonicis
1700 4327 1709 4347 ·
1725 4290 1838 4385 parti-

403 4428 475 4502 bus
491 4429 537 4502 ab
553 4428 689 4505 altera·
703 4430 824 4529 Super
837 4430 988 4505 onibus
1005 4439 1045 4503 et
1060 4428 1213 4530 fingulis
1231 4428 1364 4514 debat(
1379 4429 1510 4507 litibus
1522 4433 1839 4532 tquestionib31et

403 4576 657 4651 controuerfiis
666 4577 776 4674 super
786 4577 939 4652 decimis
948 4578 1134 4678 grangias}
1143 4578 1192 4651 de
1203 4577 1465 4653 Edmondstoir
1481 4604 1623 4681 geonge
1639 4589 1679 4655 et
1695 4582 1743 4656 de
1759 4582 1841 4654 her-

401 4722 544 4798 rimede
560 4724 749 4823 wlgariter
766 4734 982 4823 nr'rcupataa
994 4759 1006 4797 ι
1018 4750 1096 4824 que
1110 4724 1200 4800 alias
1215 4726 1256 4798 in
1271 4725 1484 4801 mndaecne
1495 4726 1595 4801 dicte
1607 4727 1720 4801 ecctie
1731 4724 1840 4801 colle·

402 4870 503 4970 giate
518 4868 766 4972 deputabantz
783 4869 967 4967 repacioni
976 4880 1036 4947 ret
1051 4872 1318 4947 manutenctni
1330 4871 1432 4947 chori
1449 4870 1591 4971 prefate
1606 4869 1719 4945 eoctie
1731 4868 1841 4946 colle·
