4425 5842
430 515 504 584 540
775 501 1135 582 MUNIMENTA
1159 502 1241 580 DE
1266 499 1508 580 MELROS.
1690 525 1861 584 saon.

431 751 520 802 man
551 725 715 802 makand
741 733 799 824 pai
827 725 1062 826 impedymet
1085 747 1202 824 greue
1224 725 1353 799 harme
1370 747 1420 798 na
1434 721 1860 824 molestamnemywrn

431 873 544 948 vndir
559 897 651 948 oure
669 872 787 950 Sealle
802 880 841 948 at
858 869 1103 948 Gallowsohet
1118 881 1162 966 pe
1177 870 1258 970 xvij
1277 871 1351 969 day
1366 869 1412 944 os
1421 880 1465 965 Ρε
1480 869 1638 945 monetlr
1653 870 1698 945 os
1707 872 1862 948 deoemb

430 1016 1243 1120 peyhereofg‘cemlmecoandpexvj·

429 1311 607 1410 Redpeth
621 1351 632 1374 ·

429 1584 495 1680 Be
520 1603 553 1676 it
578 1601 732 1676 knawin
762 1599 806 1674 til
835 1599 870 1674 al
898 1623 986 1674 men
1013 1599 1061 1674 be
1089 1598 1144 1695 pir
1167 1599 1314 1696 present
1337 1600 1409 1672 tres
1438 1621 1485 1672 us
1501 1595 1709 1672 Archibald
1725 1596 1800 1671 erle
1824 1599 1868 1672 os

429 1747 603 1848 Douglas
621 1747 748 1822 Lorde
765 1745 810 1822 os
816 1744 975 1844 Galway
987 1745 1032 1819 os
1042 1743 1302 1820 Anandirdale
1320 1759 1345 1818 ‘k
1362 1743 1408 1817 os
1419 1743 1582 1820 Larredi
1598 1743 1644 1818 til
1658 1744 1729 1818 bas
1737 1743 1863 1843 lattyn

428 1905 470 1971 to
494 1894 609 1970 borch
634 1893 730 1968 ande
754 1893 802 1967 be
827 1893 882 1988 pir
901 1891 1048 1990 present
1064 1893 1138 1965 tres
1153 1889 1246 1972 latts
1263 1897 1306 1963 to
1321 1887 1437 1963 borch
1461 1888 1509 1964 til
1522 1911 1546 1962 a
1560 1865 1708 1964 vallabil
1724 1889 1805 1963 sad⁹
1820 1891 1863 1963 in

428 2041 534 2116 criste
550 2051 593 2136 Ρθ
610 2038 745 2114 Abbot
760 2037 805 2113 os
817 2035 955 2124 melros
972 2047 1015 2133 pa
1030 2035 1142 2119 lands
1159 2034 1327 2134 qwhilks
1352 2033 1426 2134 lyis
1441 2035 1482 2108 in
1504 2034 1639 2109 debate
1661 2035 1797 2110 betvix
1820 2046 1864 2128 Ρε

428 2187 583 2262 sordide
599 2185 734 2261 Abbot
752 2200 777 2258 a
794 2195 837 2280 pe
861 2182 965 2258 urse
988 2181 1034 2256 of
1052 2157 1224 2288 nessus
1239 2180 1405 2280 qwnuke
1422 2179 1577 2255 forsaide
1590 2180 1701 2265 unse
1727 2205 1787 2256 we
1807 2207 1864 2258 re.

428 2332 570 2432 ovnysrt
592 2332 633 2406 in
658 2355 728 2407 our
751 2329 875 2413 hands
899 2353 997 2428 upon
1017 2300 1129 2402 dtane
1144 2329 1250 2402 oause
1278 2328 1329 2402 ln
1353 2327 1563 2425 witneffing
1586 2326 1632 2400 os
1648 2338 1692 2422 Ρε
1715 2326 1864 2425 qwhilk
2031 2379 2035 2386 ·

429 2479 541 2576 thing
565 2487 606 2550 to
622 2478 654 2573 p
670 2477 819 2574 present
835 2479 908 2548 tres
925 2475 1005 2548 We
1021 2472 1090 2548 has
1102 2481 1187 2572 gert
1202 2474 1255 2548 set
1272 2496 1345 2547 our
1360 2473 1453 2547 seele
1467 2481 1509 2546 at
1524 2471 1804 2571 Edybredsohei
1819 2487 1863 2570 pe

430 2623 497 2720 xiij
510 2621 602 2720 Day
619 2623 664 2700 os
676 2633 720 2717 Ρε
736 2618 897 2710 monath
914 2619 960 2694 os
970 2619 1061 2718 maij
1079 2631 1124 2716 pe
1140 2625 1205 2716 gei
1220 2618 1266 2693 os
1278 2643 1349 2693 our
1360 2618 1464 2694 lorde
1477 2617 1532 2692 1‘0
1541 2617 1609 2716 iiij⁸
1620 2636 1646 2694 n
1656 2619 1858 2696 auohtene·

430 2917 675 2994 Confirmatio
692 2916 740 2991 de
756 2915 936 3016 Redpeth
953 2953 964 2977 ·

431 3193 631 3288 Omnibus
655 3209 752 3285 hano
776 3215 916 3283 oartam
932 3207 1065 3282 visuris
1090 3206 1154 3281 uel
1170 3143 1375 3282 Auditurls
1391 3204 1646 3284 Archibaldus
1663 3208 1800 3284 Comes
1815 3209 1864 3284 de

431 3356 604 3456 Douglas
621 3356 691 3430 diis
708 3353 903 3454 Galwydie
919 3361 958 3426 et
974 3352 1088 3426 valliri
1105 3351 1286 3426 Anandie
1302 3361 1341 3426 et
1357 3352 1405 3427 de
1422 3353 1607 3428 Lawedre
1636 3353 1802 3432 Salutem
1819 3357 1860 3430 in

429 3505 584 3578 domino
605 3501 830 3600 sempiterna
842 3524 854 3571 r
868 3499 997 3572 Sciatis
1021 3519 1089 3572 nos
1114 3496 1271 3571 tenuisse
1293 3497 1485 3597 inspexisse
1503 3507 1648 3575 etcum
1664 3499 1860 3602 diligentia

429 3645 650 3722 examinasse
666 3645 789 3744 quada
804 3651 943 3718 cartam
959 3643 1144 3742 magnifici
1158 3643 1302 3718 domini
1315 3652 1354 3718 et
1367 3645 1465 3720 bone
1477 3647 1658 3722 memorie
1669 3648 1861 3747 quondam

429 3795 494 3870 diii
512 3793 659 3873 Thome
674 3790 857 3891 Ranulpb
883 3789 1043 3866 Comitis
1062 3790 1233 3878 momuie
1257 3800 1297 3866 et
1320 3791 1465 3866 domini
1489 3791 1596 3869 vallis
1615 3795 1797 3871 Anandie
1824 3805 1864 3870 et

386 4035 394 4049 Ι
430 3943 586 4032 mannia
601 3939 737 4016 saetam
760 3937 906 4014 ecclesie
930 3937 1053 4014 sancte
1077 3939 1193 4014 marie
1217 3939 1265 4013 de
1282 3938 1422 4026 melros
1438 3939 1584 4015 Abbati
1606 3951 1646 4016 et
1670 3944 1863 4021 monacbis

428 4091 568 4164 ibidem
594 4088 665 4164 deo
689 4087 936 4164 seruientibus
953 4097 992 4161 et
1007 4087 1205 4185 imppetur'r
1224 4084 1414 4162 seruituris
1429 4086 1541 4186 super
1556 4087 1759 4164 donacione
1782 4091 1860 4162 oim

428 4246 549 4328 terras
565 4237 655 4326 suan
669 4235 716 4309 de
727 4234 906 4332 Redpeth
919 4258 1008 4309 curn
1020 4235 1151 4330 ptinei
1163 4233 1262 4309 inter
1271 4243 1385 4308 terras
1396 4234 1445 4309 de
1454 4234 1646 4310 Ersrldos're
1657 4242 1697 4307 et
1705 4234 1861 4309 Bemer-

428 4379 503 4456 fide
513 4381 627 4456 Jaoeb
642 4378 791 4480 sigilloq3
808 4379 900 4454 dicti
917 4379 1062 4453 domini
1075 4379 1223 4455 Thome
1234 4380 1394 4457 Comitis
1406 4379 1602 4480 sigillatam
1615 4381 1740 4456 sanam
1751 4389 1791 4456 et
1803 4379 1860 4454 in·

429 4536 571 4624 tegram
590 4548 665 4599 non
684 4523 921 4601 cancellatum
939 4547 1015 4598 non
1031 4523 1208 4599 abolitam
1226 4549 1296 4600 neo
1310 4527 1352 4601 in
1369 4526 1494 4626 aliqua
1506 4527 1586 4604 eius
1602 4533 1708 4627 parte
1721 4527 1864 4627 suspec-

427 4681 506 4747 tam
518 4679 586 4748 aut
595 4671 770 4746 viciatam
783 4673 864 4745 cui9
875 4679 983 4750 tenor
995 4671 1229 4771 sequiturrin
1242 4674 1311 4748 heo
1322 4673 1435 4750 verba
1447 4672 1640 4751 Omnibus
1652 4675 1750 4752 hano
1762 4683 1861 4750 ousta

428 4821 559 4898 visuris
583 4819 646 4896 uel
695 4817 881 4896 audituris
898 4817 1062 4896 Thomas
1079 4819 1262 4919 Ranulpb
1286 4819 1423 4898 Comes
1439 4822 1601 4902 morauie
1618 4831 1659 4899 et
1687 4821 1865 4900 dominus
