4425 5842
416 546 488 618 642
764 538 1126 619 MUNIMENTA
1151 540 1231 617 DE
1257 538 1499 617 MELROS.
1664 560 1749 618 suc.
1767 562 1853 617 xvr.

416 764 561 839 Abbati
578 763 627 839 de
644 763 793 839 Menos
808 789 877 863 pro
893 764 1090 860 pliameto·

416 1038 618 1133 Henricus
635 1066 674 1131 et
691 1056 814 1133 Maria
839 1057 917 1131 Dei
941 1060 1008 1155 gia
1026 1055 1116 1131 Rex
1132 1064 1173 1131 et
1188 1056 1341 1155 Regina
1364 1056 1552 1129 scotorum
1567 1052 1784 1128 Venerabili
1810 1056 1852 1126 in

417 1204 564 1279 Christo
581 1206 679 1303 patri
696 1202 874 1279 Michaeli
891 1203 1016 1277 abbati
1046 1206 1111 1279 seu
1127 1202 1403 1279 comendatario
1420 1200 1635 1298 Monasterij
1653 1200 1702 1273 de
1719 1200 1853 1274 melros

417 1350 573 1425 salutem
590 1350 693 1438 Quia
709 1349 968 1424 ordinauimus
985 1349 1276 1448 parliamentum
1293 1350 1378 1423 nim
1394 1348 1602 1422 tenendum
1619 1346 1720 1445 apud
1731 1346 1852 1421 Edin-

416 1496 540 1595 burgh
558 1505 598 1569 et
614 1494 867 1571 inchoandum
884 1494 947 1569 die
967 1494 1058 1571 lune
1075 1503 1211 1594 quarto
1235 1494 1298 1594 die
1321 1492 1456 1568 menfis
1479 1492 1657 1567 februarii
1680 1494 1853 1591 proximo

415 1642 535 1717 futuri
551 1665 640 1717 cum
657 1643 912 1718 cotinuatione
928 1640 1078 1717 dierum
1093 1642 1214 1717 Vobis
1228 1641 1456 1741 precipimus
1472 1649 1512 1715 et
1528 1638 1751 1714 mandamus
1767 1642 1853 1739 qius

417 1792 493 1864 fitis
509 1788 589 1864 ibid
606 1788 708 1865 dicto
724 1788 786 1863 die
801 1802 887 1865 cora
902 1788 1011 1863 nobis
1027 1790 1067 1863 in
1086 1788 1157 1863 dio
1174 1790 1243 1863 iiro
1261 1788 1436 1883 pliameto
1452 1809 1616 1862 vnacum
1641 1786 1721 1862 aliis
1745 1789 1852 1885 regni

419 1938 477 2010 liri
493 1936 643 2035 prelatis
659 1937 873 2036 proceribus
890 1946 930 2011 et
954 1938 1164 2037 burgorum
1188 1934 1399 2012 comiffariis
1422 1936 1492 2034 qui
1515 1943 1610 2010 tunc
1634 1934 1714 2009 ibid
1737 1908 1853 2034 prop‘t'

418 2085 490 2158 hoc
507 2084 688 2161 intererat
704 2084 921 2185 congregati
937 2084 1007 2159 Ad
1021 2084 1260 2159 tractandum
1285 2080 1520 2157 concordand
1542 2081 1715 2157 subeunti
1735 2092 1775 2156 et
1790 2083 1853 2156 de-

420 2231 631 2306 termincnd
648 2254 692 2305 ea
707 2256 784 2331 que
799 2234 841 2305 in
858 2231 960 2307 dicto
977 2233 1046 2305 iiro
1061 2232 1239 2329 pliameto
1262 2254 1332 2330 pro
1347 2228 1511 2305 vtilitate
1526 2231 1634 2329 regui
1650 2229 1708 2303 iiri
1724 2238 1764 2303 et
1787 2232 1856 2304 rei-

417 2376 568 2476 publice
585 2378 776 2453 mactanda
795 2377 941 2453 fuerint
964 2377 1222 2453 concordanda
1245 2375 1438 2451 subeunda
1462 2385 1502 2451 et
1525 2350 1773 2451 derinauda
1800 2380 1855 2452 Et

418 2524 489 2596 hoc
514 2523 581 2598 sub
606 2548 703 2621 pena
718 2547 795 2621 que
817 2524 1001 2624 competit
1016 2525 1057 2599 in
1073 2524 1144 2599 hac
1167 2534 1231 2620 pte
1253 2522 1469 2599 nullatenus
1493 2523 1677 2599 omittatis
1704 2524 1852 2599 Datum

418 2667 485 2743 sub
502 2668 714 2744 testimonio
730 2671 788 2745 riri
805 2672 934 2771 magni
951 2668 1060 2771 sigilli
1083 2670 1209 2771 Apud
1225 2669 1455 2771 Edinburgh
1470 2670 1644 2746 vicelimo
1667 2694 1767 2745 nono
1790 2671 1853 2745 die

417 2820 531 2890 meni
548 2816 709 2893 octobris
726 2818 844 2893 Anno
861 2818 1088 2917 Regnorum
1106 2820 1262 2895 irorum
1279 2820 1379 2918 pino
1395 2826 1434 2893 et
1451 2814 1624 2894 vicelimo
1639 2791 1742 2894 Peio-

419 3108 531 3185 Carta
546 3111 757 3187 feodifirme
775 3114 823 3187 de
840 3115 1146 3214 Montgarswod·

418 3382 588 3477 Jacobus
615 3403 848 3499 permiffione
875 3405 965 3479 dius
995 3404 1294 3479 comendatarius
1311 3414 1515 3505 perpetuus
1532 3408 1782 3499 monasterioli
1805 3408 1853 3482 de

418 3548 516 3621 calco
533 3560 572 3621 et
589 3548 730 3621 melros
747 3560 786 3623 et
803 3559 1013 3624 conventus
1030 3550 1125 3625 dier
1149 3552 1361 3627 monasterii
1385 3552 1434 3627 de
1456 3552 1600 3628 melros
1625 3555 1766 3630 ordinis
1791 3556 1855 3630 eis-

419 3694 555 3766 terciei
574 3693 755 3791 glasgueii
772 3694 921 3769 diocesis
938 3694 1084 3771 dilectis
1101 3699 1177 3771 iiris

1231 3844 1286 3919 Et
1303 3870 1434 3920 eorum
1451 3845 1607 3922 cuilibet
1622 3848 1800 3923 editiotim
1817 3857 1856 3921 et

418 3986 567 4061 diuilim
591 3986 741 4063 balliuis
758 3990 834 4064 ins
858 3990 899 4063 in
923 3991 994 4064 hac
1008 3999 1073 4085 pte
1088 3989 1293 4089 specialiter
1317 3992 1529 4067 constitutis
1557 3993 1728 4069 Salutem
1754 3996 1856 4082 Quia

418 4158 486 4207 nos
502 4137 671 4208 unanimi
688 4137 862 4211 consensu
879 4146 917 4211 et
934 4138 1073 4211 alsensu
1090 4136 1139 4211 sd
1155 4137 1227 4213 hoc
1238 4112 1682 4239 capitularipeougregat*
1697 4138 1853 4237 diligen·

419 4278 521 4351 tibus
547 4282 766 4356 tractatibus
791 4290 831 4356 et
855 4283 1012 4357 maturis
1037 4282 1324 4357 delibera⁰uibus
1349 4283 1552 4382 prehabitis
1576 4286 1615 4358 in
1635 4284 1853 4359 evidentem

418 4424 621 4498 utilitatem
640 4424 731 4500 dicti
749 4430 807 4501 riri
825 4430 1034 4503 monasterii
1052 4430 1100 4503 de
1115 4429 1259 4505 melros
1275 4440 1315 4504 et
1330 4434 1679 4531 augmentationem
1702 4432 1853 4507 tentalis

417 4568 583 4643 eiusdem
610 4593 754 4645 necnon
771 4600 798 4667 p
816 4572 946 4647 diuers
972 4575 1219 4671 pecuniarum
1235 4577 1352 4653 sumis
1368 4576 1476 4651 nobis
1492 4602 1560 4677 per
1588 4577 1744 4656 dilectos
1773 4582 1856 4655 'riroa

418 4716 561 4793 Jacobu
578 4716 811 4815 symyntoun
829 4727 868 4792 et
884 4719 1062 4795 Jonetam
1081 4721 1182 4795 Daw
1198 4723 1278 4797 eius
1303 4724 1504 4823 coniugem
1520 4724 1561 4798 in
1577 4728 1855 4825 montgarswod

417 4864 464 4937 ad
492 4866 728 4963 repara⁰nem
759 4866 851 4941 dicti
870 4867 928 4941 riri
944 4867 1156 4944 monasterii
1182 4878 1222 4945 et
1248 4870 1568 4945 reedeficationem
1596 4872 1762 4949 eiusdem
1789 4898 1857 4973 per
