4425 5842
1092 641 1119 694 V

999 817 1201 886 GLASGU.

382 943 454 1028 393.
478 943 576 1008 Carta
601 939 834 1006 communitatis
862 939 996 1006 civitatis
1028 941 1233 1030 Glaeguensis
1262 941 1303 1006 de
1331 939 1588 1007 inheredimtione
1620 940 1746 1004 Thome
1773 939 1814 1002 de

385 1065 481 1130 Aulo
527 1065 619 1153 Orig.

944 1307 1253 1374 HADINGTUN.

385 1429 457 1500 ³98.
479 1430 577 1494 carta
588 1431 611 1494 J
613 1429 744 1494 ohannis
755 1428 882 1496 Giffard
896 1426 1069 1494 dominide
1080 1428 1191 1494 Yestir
1204 1428 1245 1495 de
1260 1428 1340 1494 tofto
1354 1440 1385 1494 et
1399 1428 1501 1495 eroito
1515 1385 1546 1495 el
1561 1432 1583 1494 3
1596 1431 1720 1496 bovatis
1731 1444 1812 1494 terre

379 1550 421 1614 'in
433 1563 606 1616 tenemento
619 1549 694 1616 ville
708 1551 748 1616 de
763 1551 882 1616 Yeetir.
929 1553 1021 1638 θήρ.

996 1798 1199 1864 KYNROS.

388 1915 458 1986 394.
481 1919 578 1983 Certo
592 1917 693 2005 Regis
706 1917 746 1982 de
761 1917 841 1984 tosto
855 1933 887 1983 et
901 1917 1000 1983 crosco
1012 1918 1047 1982 in
1062 1917 1139 1984 villa
1152 1917 1193 1984 de
1208 1920 1344 2006 Kynroa
1391 1920 1482 2006 On'g.

389 2045 459 2116 395.
481 2045 671 2128 Pteoeptum
687 2040 785 2128 Regis
797 2041 885 2128 quod
900 2041 1101 2130 hostilagium
1116 2040 1150 2106 in
1165 2043 1294 2130 Kynroe
1308 2043 1349 2107 sit
1368 2041 1504 2107 liberum
1526 2039 1566 2105 de
1586 2062 1691 2104 annua
1709 2039 1811 2104 firma

391 2167 511 2255 Regiel.
527 2175 635 2231 recent.

1025 2414 1169 2479 KYLE.

390 2534 461 2608 396.
484 2536 582 2601 Cane
596 2537 620 2600 J
621 2535 709 2601 aoobi
726 2535 891 2601 Senesealli
907 2535 1009 2601 Scolie
1022 2534 1110 2622 quod
1123 2547 1205 2600 terre
1219 2535 1259 2600 de
1275 2535 1360 2622 Kyle
1374 2535 1436 2600 sint
1455 2535 1552 2600 libere
1572 2535 1613 2600 eb
1634 2536 1816 2601 ostensioni-

390 2657 449 2723 bus
459 2679 628 2736 armorum,
644 2668 676 2722 et
691 2679 730 2723 ne
745 2657 872 2722 unicum
887 2656 1041 2721 auxilium
1056 2654 1164 2722 datum
1179 2657 1353 2722 Seneecallo
1364 2656 1404 2722 eit
1414 2656 1601 2722 monasterio
1611 2656 1642 2721 in
1654 2669 1814 2743 posterum

391 2778 605 2867 prejudicium.
651 2778 744 2866 θήρ.

392 2903 461 2972 397.
486 2899 745 2988 [Oceanum]
769 2899 877 2965 Prima
893 2913 978 2965 carta
988 2900 1160 2966 Eustachie
1174 2899 1215 2966 de
1226 2900 1370 2987 Colvyle,
1385 2898 1492 2966 relicte
1503 2900 1672 2988 Reginaldi
1686 2900 1715 2964 le
1726 2902 1816 2964 Chen

392 3024 497 3110 paris,
511 3022 552 3088 de
562 3024 637 3112 jure
650 3034 833 3107 potronatus
846 3023 979 3089 ecclesie.
1025 3025 1117 3111 On‘g.

392 3148 461 3217 398.
486 3143 894 3232 Secundamrtaejuedem.
940 3147 1031 3234 Orig.

393 3271 463 3342 399.
488 3270 598 3335 Tertia
612 3280 698 3334 carta
711 3267 861 3355 ejusdem.
908 3268 999 3356 Orrg.

394 3393 464 3456 400.
486 3389 658 3457 Attestotio
672 3386 811 3475 ejusdem
830 3387 953 3475 dejure
964 3399 1149 3476 patronatus
1162 3389 1299 3469 eccle-e,
1314 3389 1345 3454 in
1361 3412 1426 3476 que
1440 3390 1480 3455 ‹le
1494 3389 1685 3456 successione
1699 3390 1818 3456 iannlie

392 3513 429 3578 de
445 3513 590 3579 colville.

395 3635 464 3702 401.
490 3633 680 3700 Investitura
695 3633 820 3698 ecclesie
834 3655 891 3720 per
906 3633 1082 3700 Robertum
1099 3634 1326 3722 Glaeguensem
1341 3637 1531 3724 episcopum
1578 3637 1669 3722 orig.

394 3761 463 3823 402.
488 3756 691 3823 Confirmatio
707 3757 816 3844 Regia
864 3758 956 3844 Orzg.

394 3883 465 3946 403.
490 3881 624 3945 Collatio
638 3881 798 3968 Episcopi.
844 3881 934 3968 Orig.

395 4005 465 4067 404.
489 4001 746 4081 Quieteclamatio
763 4001 895 4068 Roberti
910 4001 953 4066 de
961 4003 1129 4068 Colevilla.
1174 4006 1266 4092 Orig.

395 4127 464 4190 405.
488 4123 691 4189 Confirmatio
704 4139 736 4188 et
752 4125 899 4190 warentia
912 4124 1060 4212 ejusdem.
1109 4128 1201 4211 θήρ.

395 4245 466 4313 406.
488 4247 595 4333 Rogat
609 4245 690 4312 idem
706 4247 867 4313 Robertus
889 4263 924 4311 ut
946 4247 1072 4313 abbates
1094 4249 1135 4312 de
1149 4249 1319 4335 Dryburch
1343 4265 1374 4314 et
1388 4249 1559 4316 Jeddewrd
1581 4271 1688 4313 eornm
1712 4249 1814 4334 sigillo

395 4380 476 4434 carte
491 4391 546 4433 sue
554 4383 727 4456 apponant.
775 4371 867 4456 Orrg

395 4493 465 4560 407.
489 4487 765 4580 [Maenium]
790 4489 994 4578 Privilegium
1009 4489 1146 4556 habendi
1157 4492 1315 4558 ecclesiam
1327 4495 1555 4582 baptismalem,
1571 4519 1628 4582 per
1638 4498 1815 4561 Robertum

393 4613 573 4703 episcopum
588 4613 813 4702 Glesguensem
828 4634 1015 4678 concessum.
1062 4615 1155 4702 Orlg.

396 4739 464 4804 408.
488 4735 669 4804 natilicntio
684 4737 839 4803 «iohannis
852 4735 1000 4824 episcopi.
1047 4738 1141 4824 Orig.
