4425 5842
427 484 499 569 612
776 492 1138 571 MUNIMENTA
1161 492 1243 571 DE
1268 487 1510 569 Manuos.
1594 508 1680 567 suc.
1696 508 1863 565 xv-xvr.

429 712 610 789 obuentui
628 712 690 788 uel
720 714 793 790 suis
819 716 930 791 certis
956 715 1155 790 actornatir
1178 715 1242 789 seu
1267 722 1459 790 actomato
1482 712 1664 787 latoribus
1680 712 1744 787 seu
1760 708 1864 785 latori

431 860 543 958 pneia
559 860 694 937 secund
711 870 840 938 tenore
856 862 956 937 dicte
976 870 1076 937 ocrte
1101 864 1167 935 dre
1183 874 1262 961 qua
1276 862 1367 936 inde
1381 860 1523 935 babent
1537 859 1635 935 iuste
1658 857 1866 933 deliberetis

427 1016 467 1080 et
499 1006 627 1083 haberi
654 1008 796 1083 faciatis
823 1007 900 1082 fine
929 1007 1111 1082 dilatione
1139 1007 1240 1081 saluo
1265 1007 1294 1084 J
1295 1030 1363 1083 ure
1387 1006 1584 1083 cuiussibet
1605 1013 1645 1080 et
1669 1004 1742 1081 boc
1764 1002 1866 1079 nullo

428 1154 544 1229 modo
572 1155 756 1229 omittatis
783 1154 853 1229 Ad
869 1154 973 1255 quod
1003 1152 1148 1229 faciend
1172 1153 1279 1229 vobis
1303 1162 1342 1229 et
1365 1156 1450 1228 vim
1477 1151 1634 1229 cuilibet
1655 1152 1818 1253 pinctim
1843 1168 1866 1224 t
1924 1124 1929 1129 Ι

427 1299 578 1375 diuifim
605 1302 711 1375 iiram
737 1301 900 1401 plenarii
923 1300 1038 1377 libera
1063 1311 1102 1375 et
1121 1300 1368 1375 Irreuocabile
1399 1301 1540 1399 litatem
1555 1299 1706 1400 pmitti9
1722 1326 1748 1393 p
1764 1298 1867 1396 putea

429 1448 475 1521 In
504 1448 612 1521 cuius
636 1450 690 1522 rei
707 1448 927 1523 testimonie
939 1447 1081 1547 Sigillr’r
1099 1454 1187 1523 nim
1205 1446 1359 1546 jintibus
1375 1448 1428 1522 est
1444 1448 1651 1546 appensum
1676 1445 1782 1544 apud
1796 1445 1867 1519 dic-

427 1602 512 1667 tum
530 1594 756 1669 monasteria
773 1594 821 1669 de
837 1594 981 1669 melron
997 1603 1133 1693 quarto
1150 1595 1213 1669 die
1228 1593 1334 1669 melia
1352 1594 1461 1693 Junij
1488 1606 1562 1669 ano
1586 1593 1653 1668 diii
1677 1591 1868 1667 millelimo

429 1748 607 1840 quigenmo
625 1741 825 1817 vndecimo
844 1743 970 1818 Tenor
986 1766 1076 1817 vero
1101 1742 1202 1815 dicte
1229 1744 1285 1816 ire
1309 1750 1524 1817 actornatus
1547 1740 1685 1839 sequte
1709 1739 1779 1813 snb
1804 1739 1869 1813 bac

434 1888 554 1964 forma
575 1889 741 1965 Jacobus
766 1890 828 1964 dei
852 1896 919 1989 gra
936 1890 1025 1965 Ilex
1042 1890 1229 1965 scotorum
1253 1888 1405 1964 offribua
1429 1888 1557 1988 probis
1581 1887 1719 1962 hoibus
1734 1888 1808 1965 suis
1823 1886 1871 1961 ad

431 2060 525 2137 quos
550 2038 658 2135 pntes
682 2042 739 2113 tre
762 2014 922 2135 puedint
938 2038 1046 2112 saltm
1065 2038 1198 2113 Sciatis
1214 2063 1242 2136 q
1257 2034 1453 2136 uscipim⁹
1468 2037 1496 2110 J
1496 2035 1644 2110 ohanne
1660 2035 1871 2111 hamiltouri
1977 2100 1996 2127 ,

432 2182 480 2257 de
512 2183 790 2259 maknariltoui
825 2185 1001 2259 andream
1035 2182 1393 2259 ferebarrJolranne
1423 2182 1596 2257 lichtouii
1628 2190 1669 2257 et
1700 2182 1873 2257 Johanne

429 2330 654 2430 levingtouii
672 2330 817 2430 burgeir
833 2329 947 2433 burgi
964 2332 1012 2405 de
1028 2330 1257 2430 Edinburgb
1280 2328 1343 2405 uel
1361 2354 1494 2405 eorum
1509 2328 1656 2428 aliquos
1671 2327 1733 2403 vel
1749 2328 1874 2428 alique

429 2486 638 2551 actornatos
655 2478 719 2551 uel
735 2486 930 2552 actornatr'r
945 2478 1133 2553 deuoton'r
1149 2487 1340 2551 oratorum
1359 2478 1513 2551 brorum
1530 2478 1664 2577 prioris
1680 2485 1721 2551 et
1735 2487 1872 2552 cocen-

429 2634 492 2699 tus
508 2622 721 2698 monasterii
735 2624 791 2699 riri
809 2624 857 2698 de
873 2623 1030 2698 melmin
1042 2625 1081 2698 in
1096 2624 1246 2699 offiibua
1262 2625 1428 2725 negociis
1444 2635 1484 2701 et
1498 2624 1658 2725 loquelis
1673 2623 1818 2724 placitis
1834 2634 1873 2699 et

431 2768 591 2871 querelis
608 2772 722 2847 motis
738 2774 800 2849 l'eu
818 2772 990 2847 mouedis
1007 2773 1088 2871 ipos
1099 2773 1265 2872 priorem
1282 2780 1323 2847 et
1338 2781 1546 2849 aduentum
1555 2774 1696 2873 tangei
1712 2774 1776 2848 seu
1792 2781 1873 2847 tan-

433 2942 522 3020 gere
532 2918 642 2995 valeri
659 2920 877 3022 quibuscaq,
893 2920 1026 2995 diebus
1044 2930 1083 2996 et
1099 2920 1191 2996 locis
1203 2929 1306 2997 cotra
1318 2921 1494 3021 quoscuffi
1505 2928 1545 2994 et
1560 2934 1644 2995 cora
1660 2921 1874 3022 quibuscr'rq,

435 3066 563 3156 Quare
575 3067 681 3143 vobis
694 3050 857 3167 ficipim9
873 3078 913 3141 et
925 3068 1125 3143 mandam?
1139 3070 1225 3169 qtns
1235 3067 1356 3143 dictos
1364 3067 1540 3144 Johanne
1550 3067 1689 3143 andrea
1699 3068 1874 3144 Johanne
1978 3107 1984 3118 ·

435 3220 474 3287 et
486 3214 510 3288 J
513 3212 660 3287 ohanne
678 3212 740 3288 uel
757 3226 847 3291 eorfi
864 3212 1009 3313 aliquos
1026 3213 1089 3291 uel
1104 3214 1228 3314 alique
1246 3239 1343 3314 quoa
1360 3214 1423 3290 uel
1439 3223 1514 3314 que
1530 3215 1639 3315 pintae
1655 3216 1720 3291 uel
1743 3216 1874 3315 {intem

436 3359 505 3434 else
517 3360 718 3461 contigerit
727 3360 1046 3459 tanq‘actornatos
1058 3360 1121 3434 uel
1132 3371 1330 3437 actomatsr
1339 3362 1488 3437 dicton'r
1497 3363 1631 3461 prioris
1642 3372 1682 3438 et
1692 3370 1873 3440 connitur

440 3510 478 3582 in
491 3506 650 3607 premiss]
661 3506 845 3606 recipiatis
855 3507 1009 3605 putibus
1018 3507 1100 3607 post
1112 3518 1185 3583 ansi
1198 3510 1277 3583 mie
1286 3509 1456 3585 valituris
1468 3510 1515 3585 ln
1529 3511 1874 3588 cuiuareitestimo-

437 3654 503 3729 niu
528 3652 593 3727 baa
616 3656 687 3727 irae
710 3654 793 3727 ‘liras
810 3651 877 3728 fibi
892 3652 1122 3733 fierifeeimr
1138 3656 1252 3753 patei
1268 3654 1372 3755 apud
1387 3656 1618 3757 Edinburglt
1642 3658 1790 3735 decimo
1813 3660 1875 3735 die

438 3800 545 3875 mens
573 3775 660 3875 tien
689 3823 789 3876 anno
815 3801 922 3901 regni
950 3800 1008 3875 aa
1034 3801 1208 3877 vroenmo
1233 3804 1349 3879 tercio
1372 3803 1465 3878 1²0st
1490 3806 1707 3906 qumque
1734 3810 1876 3883 aarum

438 3948 691 4050 publicatione
716 3950 910 4048 putatione
935 3958 975 4023 et
998 3948 1160 4025 lectione
1183 3950 1349 4049 prefatus
1373 3949 1511 4025 balliu9
1526 3951 1671 4027 virtute
1696 3969 1723 4027 *e
1746 3955 1877 4054 vigore

439 4098 599 4196 predicti
627 4100 796 4199 precepti
824 4114 851 4173 *t
880 4098 936 4173 sui
966 4098 1081 4173 officii
1105 4097 1217 4173 filine
1240 4097 1337 4175 statii
1361 4106 1401 4173 et
1424 4098 1635 4199 poll‘effione
1658 4099 1876 4175 hereditaria

441 4244 566 4319 totalis
582 4254 622 4318 et
637 4245 776 4344 integri
794 4244 951 4345 predicti
969 4246 1059 4320 anui
1075 4245 1247 4321 redditus
1263 4254 1426 4346 quatuor
1443 4220 1571 4322 rllcarsr
1593 4270 1682 4323 cum
1703 4246 1834 4341 ptinen
1850 4275 1875 4345 p

442 4386 707 4464 deliberatione
722 4391 810 4465 vni9
826 4390 968 4465 denarii
983 4392 1051 4487 sup
1065 4392 1162 4467 fund
1180 4392 1280 4468 dicte
1299 4392 1435 4468 domus
1458 4394 1560 4469 vaste
1582 4392 1775 4470 anterioris
1798 4402 1877 4471 nde

444 4537 491 4611 de
518 4558 619 4609 nouo
644 4534 814 4611 edificate
838 4536 982 4635 prefato
998 4538 1024 4613 J
1027 4538 1089 4612 olli
1115 4538 1340 4639 levingtoui
1363 4548 1555 4616 actornato
1580 4556 1610 4615 r
1631 4564 1678 4615 eo
1693 4544 1782 4618 noie
1796 4567 1877 4643 pre·

443 4686 622 4785 scriptorii
646 4682 777 4783 prioris
802 4691 841 4758 et
862 4694 1029 4785 puentus
1055 4685 1102 4759 de
1123 4686 1280 4762 melroiil
1296 4696 1337 4763 et
1359 4688 1434 4763 suia
1457 4687 1718 4765 suooelsoribus
1741 4689 1879 4767 secund

444 4842 572 4909 tenore
587 4840 685 4908 carte
702 4831 816 4929 desup
828 4832 952 4935 pfecte
976 4832 1082 4909 dedit
1107 4833 1263 4910 tradidit
1285 4810 1395 4935 pila
1419 4836 1643 4913 deliberauit
1666 4837 1770 4914 saluo
1784 4838 1880 4917 Jure
