4425 5842
367 576 641 633 uno..mc.1v.·
726 554 1086 631 MUNIMENTA
1110 556 1193 633 DE
1220 554 1458 635 MELROS.
1733 558 1816 641 609

368 781 513 853 Totum
530 782 569 852 et
586 778 779 877 integrum
799 778 917 854 Illum
935 804 1063 854 meum
1082 790 1184 854 cnud
1200 780 1394 873 redditum
1409 776 1575 880 quatuor
1594 776 1815 855 marearum

367 925 500 1000 vsuulis
533 935 685 999 monete
717 927 823 1024 regni
858 927 973 1000 scocie
1007 950 1124 1024 quem
1158 926 1313 1001 habem9
1346 930 1528 1002 exeuntir‘r
1562 920 1731 1003 cunctim
1765 934 1806 999 et

367 1072 504 1147 leuand
533 1073 581 1146 ad
611 1072 707 1147 duos
737 1073 826 1146 anni
855 1074 1035 1147 terminos
1056 1074 1206 1173 psuetos
1230 1073 1521 1150 Penthechostes
1545 1076 1605 1169 vi3
1630 1084 1670 1149 et
1693 1073 1809 1147 sancti

368 1220 520 1295 martini
536 1221 575 1293 in
594 1200 719 1295 hieme
734 1243 802 1319 per
819 1220 969 1319 equales
994 1220 1186 1319 porciones
1202 1218 1263 1295 de'
1275 1228 1357 1297 tota
1371 1232 1412 1296 et
1427 1218 1584 1322 Integra
1608 1230 1706 1296 terra
1729 1220 1808 1319 pos-

369 1367 504 1441 teriore
520 1377 559 1443 et
575 1367 689 1441 domo
706 1367 808 1441 vasta
823 1368 1007 1441 anteriore
1024 1366 1116 1441 olim
1141 1370 1349 1441 tenementi
1373 1369 1487 1443 nostri
1512 1382 1586 1445 nuc
1608 1392 1698 1442 vero
1723 1385 1806 1467 per-

367 1515 471 1588 tineii
485 1513 587 1587 dicto
599 1512 707 1587 alano
717 1512 869 1588 wilsone
881 1514 1027 1612 burgeir
1046 1514 1139 1589 dicti
1156 1515 1271 1613 burgi
1287 1513 1344 1588 Et
1355 1539 1422 1614 per
1433 1540 1502 1589 nos
1516 1514 1686 1615 predicto
1701 1514 1810 1588 alano

367 1685 434 1759 pro
457 1660 669 1759 supradicto
685 1674 784 1734 dnuo
800 1659 951 1734 redditu
975 1648 1140 1758 quatuor
1164 1671 1331 1735 marceni
1357 1661 1405 1734 Iu
1431 1660 1641 1735 feodifirma
1665 1660 1810 1734 heredi·

369 1808 461 1883 tarie
473 1807 623 1881 affedat*
636 1831 722 1882 cum
737 1806 811 1881 suis
824 1807 994 1905 pertineri
1006 1808 1124 1881 Jaceir
1141 1807 1181 1880 in
1194 1806 1283 1881 villa
1300 1808 1349 1881 de
1364 1806 1456 1882 leith
1473 1831 1523 1881 ex
1540 1817 1645 1906 parte
1662 1804 1815 1891 australi

370 1978 466 2056 aque
490 1954 592 2029 eiusd
618 1978 735 2053 prope
760 1954 876 2027 finem
900 1950 1096 2029 australem
1122 1955 1248 2052 pontis
1272 1954 1322 2028 de
1344 1952 1436 2030 leith
1463 1953 1511 2027 In
1529 1952 1746 2052 Regulitate
1762 1954 1810 2027 de

370 2101 577 2177 brochtoun
603 2110 642 2175 et
666 2100 763 2175 infra
779 2101 1085 2176 vicecomitatum
1105 2101 1153 2175 de
1171 2100 1400 2201 Ediuburgh
1427 2098 1531 2175 Infra
1555 2110 1669 2175 terras
1693 2100 1815 2175 soncti-

371 2248 535 2323 leonurdi
554 2248 602 2322 de
617 2248 711 2322 leith
728 2248 777 2321 ad
794 2248 911 2321 finem
927 2246 1006 2321 fiue
1022 2254 1169 2347 partem
1194 2245 1463 2323 occidentalem
1480 2246 1595 2323 eardd
1613 2247 1721 2322 Inter
1737 2257 1809 2321 ter·

369 2420 426 2471 ras
441 2396 573 2495 quond
589 2395 802 2470 Alexandri
819 2395 941 2469 broud
958 2418 1008 2468 ex
1024 2402 1131 2494 parte
1146 2396 1317 2470 orientali
1334 2420 1384 2470 ex
1400 2406 1507 2496 parte
1524 2418 1600 2470 vno
1616 2405 1656 2470 et
1671 2390 1809 2470 lenam

371 2542 510 2617 vastam
527 2543 688 2617 Roberti
704 2543 839 2642 logane
855 2542 904 2615 de
916 2539 1084 2617 coitfeild
1101 2566 1151 2616 ex
1165 2552 1272 2641 parte
1284 2543 1504 2618 occidentali
1516 2568 1566 2617 ex
1578 2552 1684 2643 purte
1696 2542 1812 2617 altero

370 2690 492 2765 Prout
508 2691 549 2765 in
566 2700 666 2767 carta
684 2692 748 2764 iira
765 2690 943 2789 predictis
959 2690 1073 2789 priori
1090 2699 1130 2764 et
1155 2692 1319 2791 9uentui
1343 2691 1504 2791 predicti
1527 2691 1737 2789 monallerij
1763 2690 1812 2763 de

374 2837 516 2912 melross
544 2838 699 2936 desuper
723 2838 846 2938 plecta
875 2836 1023 2936 plenius
1050 2838 1267 2912 continetur
1290 2837 1411 2913 Vobis
1430 2838 1555 2936 Igitur
1579 2848 1619 2912 et
1645 2838 1812 2912 vestrum

374 2982 529 3058 cuilibet
541 2984 728 3083 'piunctim
745 2994 784 3057 et
808 2982 958 3058 diuisrm
975 2984 1205 3083 precipimus
1229 2994 1269 3057 ct
1292 2984 1517 3058 mandamus
1542 2992 1730 3081 quatenus
1747 2984 1812 3057 viu

373 3130 527 3227 putibus
544 3128 699 3204 indilate
716 3130 879 3206 Safinam
901 3132 1039 3205 statum
1064 3138 1104 3204 ct
1128 3128 1378 3229 poffeffionem
1405 3128 1665 3204 hereditariam
1688 3130 1811 3204 tocius

372 3276 529 3377 predicti
547 3276 687 3351 onualis
702 3278 874 3352 redditus
890 3286 1055 3374 quatuor
1072 3300 1280 3351 marcarum
1298 3256 1385 3350 cum
1399 3275 1639 3376 pertinenciis
1655 3274 1810 3376 prefatis

372 3425 485 3523 priori
502 3434 541 3499 et
553 3426 716 3525 9ueutui
733 3425 826 3499 dicti
843 3424 1052 3521 monasterij
1073 3424 1121 3499 de
1138 3422 1289 3499 Melroll
1306 3423 1368 3497 vel
1384 3425 1458 3498 suis
1477 3424 1586 3497 certis
1610 3426 1810 3499 actornatis

371 3572 432 3647 seu
458 3580 649 3647 actornato
672 3572 853 3646 latoribus
876 3572 937 3645 seu
960 3570 1068 3645 latori
1094 3572 1208 3670 jincir'r
1231 3572 1367 3647 secund
1393 3580 1562 3646 tenorem
1587 3571 1687 3646 dicte
1710 3580 1811 3645 certe

372 3720 493 3795 nostre
510 3743 625 3817 quem
642 3718 731 3794 inde
748 3718 888 3792 hubent
907 3718 1009 3793 Iuste
1026 3718 1237 3793 deliberetis
1253 3728 1293 3793 et
1309 3718 1436 3793 haberi
1452 3719 1593 3794 faciatis
1617 3718 1694 3793 srne
1718 3718 1810 3792 dila-

376 3866 482 3937 cione
498 3865 599 3939 seluo
614 3866 710 3939 Jure
739 3865 936 3963 cuiussibet
963 3866 1019 3939 Et
1050 3866 1120 3940 boc
1148 3864 1256 3940 nullo
1280 3865 1394 3938 modo
1419 3827 1602 3939 omittatis
1620 3865 1689 3938 Ad
1705 3865 1809 3963 quod

374 4008 520 4085 faciend
534 4009 641 4084 vobis
659 4020 698 4084 et
713 4010 877 4085 vestrum
897 4010 1054 4085 cuilibet
1065 4010 1254 4110 piunctim
1270 4018 1310 4084 et
1326 4010 1475 4083 diuifim
1495 4011 1657 4084 nostram
1683 4010 1810 4108 plena-

374 4160 466 4232 riam
484 4156 637 4231 liberam
669 4165 708 4231 et
738 4157 1027 4232 Irreuocabilem
1052 4156 1274 4257 potestatem
1295 4157 1513 4257 pmittimus
1537 4180 1603 4255 per
1620 4157 1729 4253 putes
1759 4158 1809 4231 In

374 4306 481 4381 cuius
499 4304 574 4379 Rei
591 4304 791 4379 testmonin
811 4303 987 4403 Sigillum
1007 4304 1176 4380 nostrum
1202 4304 1360 4403 putibus'
1379 4302 1432 4378 est
1456 4303 1660 4403 appensum
1686 4304 1811 4404 Apud

376 4450 523 4525 dictum
548 4451 772 4525 monasterii]
790 4451 837 4524 de
855 4450 997 4524 nrelroll
1013 4452 1162 4527 Octauo
1187 4451 1249 4527 die
1264 4451 1398 4527 meniis
1413 4450 1443 4527 J
1443 4450 1508 4551 ulij
1528 4452 1648 4527 Anno
1664 4452 1809 4527 domini

378 4594 579 4673 Millefiino
596 4597 896 4696 quingentefimo
913 4598 1059 4675 decimo
