4425 5842
911 1987 1301 2084 TABULA.

942 2248 1272 2264 m

681 2632 835 2710 REGE
861 2631 1128 2709 ROBERTO
1154 2632 1187 2708 Ι.
1241 2635 1522 2714 1306-1329.

1000 2879 1225 2944 ABBACIA.

399 3005 470 3076 359.
494 3005 592 3068 Certe
606 3001 706 3090 Regis
719 3003 761 3068 de
775 3001 911 3090 generali
925 3002 1126 3090 protectione.
1174 3002 1265 3087 Orig.

398 3124 469 3192 360.
493 3125 653 3190 Protectio
667 3124 767 3211 Regis
781 3124 887 3190 altere
936 3126 1027 3212 Oti-g.

400 3246 471 3314 361.
495 3248 593 3312 carta
608 3245 709 3333 Regis
723 3245 764 3310 de
778 3245 1011 3311 casualitatibus
1026 3245 1261 3311 vicecomitatus
1275 3242 1315 3308 de
1330 3242 1510 3328 Roxburgh
1530 3243 1678 3307 concessis
1700 3244 1730 3307 in
1754 3245 1828 3308 sub-

398 3369 509 3436 sidium
524 3369 642 3434 fabrice
656 3368 782 3434 ecclesie
796 3367 836 3432 de
850 3390 933 3432 novo
946 3366 1162 3432 construende.
1210 3368 1303 3454 Orig.
1662 3351 1667 3360 ’

398 3493 470 3560 362.
494 3497 591 3559 Certa
604 3493 704 3579 Regis
728 3492 768 3557 de
793 3514 898 3556 snnuo
922 3491 1050 3556 redditu
1077 3490 1316 3555 1001ibrarum
1346 3489 1387 3554 ad
1417 3490 1639 3554 inveniendum
1670 3491 1825 3555 ferculum

398 3615 524 3680 cuilibet
539 3613 698 3680 monacho.
746 3617 840 3703 Orig.

398 3739 468 3805 363.
491 3739 697 3826 Privilegium
725 3739 824 3824 Regis
852 3735 893 3800 de
920 3734 1058 3822 generali
1083 3736 1276 3822 protectione
1304 3749 1336 3799 et
1367 3735 1406 3799 de
1436 3737 1535 3800 nemis
1560 3737 1736 3800 monasten'i
1761 3758 1825 3800 non

397 3859 553 3947 capiendis
575 3859 635 3923 nisi
656 3880 715 3947 pro
735 3860 804 3946 ejus
818 3855 926 3922 debito
939 3856 1076 3945 proprio.
1124 3858 1215 3945 Orig.

398 3980 468 4048 364.
491 3981 681 4048 Exhortatio
696 3981 794 4068 Regis
808 3979 848 4044 ad
864 3979 963 4043 filium
979 4001 1071 4044 suum
1087 3979 1206 4058 David,
1222 3978 1261 4044 de
1276 3980 1469 4067 protectione
1485 3981 1670 4045 monosterii.
1718 3983 1816 4065 Orig.

397 4103 468 4170 365.
493 4103 699 4170 confirmatio
712 4102 843 4168 Patn'cii
864 4101 905 4166 de
920 4101 1057 4166 Dunbar
1077 4101 1200 4167 comitis
1214 4101 1359 4166 Marchie
1373 4101 1413 4166 dc
1435 4103 1525 4166 terris
1547 4100 1726 4166 monasterii
1741 4099 1826 4168 infra

398 4225 570 4292 dominium
585 4247 688 4291 suum.
734 4227 824 4313 Orig.

1006 4469 1208 4534 BERWIC.

399 4591 468 4660 366.
492 4591 697 4658 Confirmatio
711 4590 814 4678 Regn'a
827 4603 910 4656 carte
926 4589 1104 4658 Alexandri
1120 4592 1189 4656 111.
1206 4590 1305 4678 Regis
1331 4591 1371 4657 de
1385 4592 1629 4680 possessionibus
1645 4599 1820 4661 monasterii

399 4712 429 4776 iu
441 4712 553 4798 burgo.
598 4711 721 4799 Regin.
735 4720 845 4776 recent.

398 4830 466 4901 367.
491 4831 683 4897 Mandatum
696 4835 796 4920 Regis
810 4834 851 4899 de
865 4835 929 4900 100
943 4833 1033 4899 libris
1047 4833 1201 4901 solvendis
1214 4857 1274 4923 pro
1289 4840 1311 4875 “
1325 4834 1445 4902 ferculo
1460 4836 1586 4924 Regis?
1630 4839 1720 4924 Osig.

400 4955 470 5022 363.
495 4954 686 5023 Mandatum
701 4955 741 5024 de
756 4956 874 5024 eodem.
921 4958 1013 5046 θήρ.
