<?xml version="1.0" encoding="UTF-8"?>
<!DOCTYPE html PUBLIC "-//W3C//DTD XHTML 1.0 Transitional//EN"
    "http://www.w3.org/TR/xhtml1/DTD/xhtml1-transitional.dtd">
<html xmlns="http://www.w3.org/1999/xhtml" xml:lang="en" lang="en">
 <head>
  <title>
</title>
<meta http-equiv="Content-Type" content="text/html;charset=utf-8" />
  <meta name='ocr-system' content='tesseract 3.04.00' />
  <meta name='ocr-capabilities' content='ocr_page ocr_carea ocr_par ocr_line ocrx_word'/>
</head>
<body>
  <div class='ocr_page' id='page_1' title='image "./libersanctemari02innegoog_0198.png"; bbox 0 0 4425 5842; ppageno 0'>
   <div class='ocr_carea' id='block_1_1' title="bbox 432 492 1869 812">
    <p class='ocr_par' dir='ltr' id='par_1_1' title="bbox 432 492 1869 812">
     <span class='ocr_line' id='line_1_1' title="bbox 432 492 1869 576; baseline 0.008 -12"><span class='ocrx_word' id='word_1_1' title='bbox 432 492 505 573; x_wconf 76' lang='lat'>4⁷6</span> <span class='ocrx_word' id='word_1_2' title='bbox 782 492 1142 571; x_wconf 83' lang='lat' dir='ltr'><strong>MUNIMENTA</strong></span> <span class='ocrx_word' id='word_1_3' title='bbox 1165 496 1246 572; x_wconf 81' lang='lat' dir='ltr'>DE</span> <span class='ocrx_word' id='word_1_4' title='bbox 1272 496 1511 573; x_wconf 86' lang='lat' dir='ltr'><strong>MELROS.</strong></span> <span class='ocrx_word' id='word_1_5' title='bbox 1685 520 1770 576; x_wconf 77' lang='lat' dir='ltr'>acc.</span> <span class='ocrx_word' id='word_1_6' title='bbox 1784 523 1869 576; x_wconf 80' lang='lat' dir='ltr'>aur.</span> 
     </span>
     <span class='ocr_line' id='line_1_2' title="bbox 434 707 1379 812; baseline 0.006 -28"><span class='ocrx_word' id='word_1_7' title='bbox 434 707 668 786; x_wconf 53' lang='lat' dir='ltr'>confirmati&amp;</span> <span class='ocrx_word' id='word_1_8' title='bbox 686 710 846 786; x_wconf 86' lang='lat' dir='ltr'>Roberti</span> <span class='ocrx_word' id='word_1_9' title='bbox 863 713 984 812; x_wconf 87' lang='lat' dir='ltr'>Regis</span> <span class='ocrx_word' id='word_1_10' title='bbox 1001 713 1049 789; x_wconf 88' lang='lat' dir='ltr'>de</span> <span class='ocrx_word' id='word_1_11' title='bbox 1065 714 1180 788; x_wconf 88' lang='lat' dir='ltr'>domo</span> <span class='ocrx_word' id='word_1_12' title='bbox 1194 714 1237 789; x_wconf 91' lang='lat' dir='ltr'>in</span> <span class='ocrx_word' id='word_1_13' title='bbox 1255 716 1379 792; x_wconf 89' lang='lat' dir='ltr'>Leth·</span> 
     </span>
    </p>
   </div>
   <div class='ocr_carea' id='block_1_2' title="bbox 322 979 1877 3298">
    <p class='ocr_par' dir='ltr' id='par_1_2' title="bbox 322 979 1877 3298">
     <span class='ocr_line' id='line_1_3' title="bbox 322 979 1868 1105; baseline 0.01 -39"><span class='ocrx_word' id='word_1_14' title='bbox 322 1004 383 1066; x_wconf 81' lang='lat'>501</span> <span class='ocrx_word' id='word_1_15' title='bbox 436 979 636 1075; x_wconf 83' lang='lat' dir='ltr'>Robertus</span> <span class='ocrx_word' id='word_1_16' title='bbox 665 1003 743 1078; x_wconf 89' lang='lat' dir='ltr'>Dei</span> <span class='ocrx_word' id='word_1_17' title='bbox 771 1004 893 1102; x_wconf 80' lang='lat' dir='ltr'>gracia</span> <span class='ocrx_word' id='word_1_18' title='bbox 920 1004 1009 1081; x_wconf 82' lang='lat' dir='ltr'>Rex</span> <span class='ocrx_word' id='word_1_19' title='bbox 1038 1006 1235 1081; x_wconf 83' lang='lat' dir='ltr'>Scotorum</span> <span class='ocrx_word' id='word_1_20' title='bbox 1266 1006 1457 1081; x_wconf 84' lang='lat' dir='ltr'>Omnibus</span> <span class='ocrx_word' id='word_1_21' title='bbox 1494 1006 1621 1105; x_wconf 86' lang='lat' dir='ltr'>probis</span> <span class='ocrx_word' id='word_1_22' title='bbox 1649 1007 1868 1083; x_wconf 85' lang='lat' dir='ltr'>hominibus</span> 
     </span>
     <span class='ocr_line' id='line_1_4' title="bbox 434 1145 1866 1251; baseline 0.006 -31"><span class='ocrx_word' id='word_1_23' title='bbox 434 1145 553 1220; x_wconf 86' lang='lat' dir='ltr'>tocius</span> <span class='ocrx_word' id='word_1_24' title='bbox 578 1156 676 1222; x_wconf 90' lang='lat' dir='ltr'>terre</span> <span class='ocrx_word' id='word_1_25' title='bbox 699 1149 763 1223; x_wconf 89' lang='lat' dir='ltr'>sue</span> <span class='ocrx_word' id='word_1_26' title='bbox 788 1149 927 1225; x_wconf 83' lang='lat' dir='ltr'>clericis</span> <span class='ocrx_word' id='word_1_27' title='bbox 950 1159 989 1225; x_wconf 91' lang='lat' dir='ltr'>et</span> <span class='ocrx_word' id='word_1_28' title='bbox 1004 1151 1106 1226; x_wconf 84' lang='lat' dir='ltr'>laicis</span> <span class='ocrx_word' id='word_1_29' title='bbox 1122 1151 1278 1226; x_wconf 83' lang='lat' dir='ltr'>salutem</span> <span class='ocrx_word' id='word_1_30' title='bbox 1297 1153 1430 1228; x_wconf 84' lang='lat' dir='ltr'>Sciatis</span> <span class='ocrx_word' id='word_1_31' title='bbox 1442 1194 1452 1212; x_wconf 92' lang='lat'><strong>·</strong></span> <span class='ocrx_word' id='word_1_32' title='bbox 1464 1176 1533 1227; x_wconf 84' lang='lat' dir='ltr'>noa</span> <span class='ocrx_word' id='word_1_33' title='bbox 1548 1152 1712 1251; x_wconf 72' lang='lat' dir='ltr'>quadam</span> <span class='ocrx_word' id='word_1_34' title='bbox 1727 1163 1866 1228; x_wconf 85' lang='lat' dir='ltr'>cartam</span> 
     </span>
     <span class='ocr_line' id='line_1_5' title="bbox 433 1291 1870 1396; baseline 0.006 -30"><span class='ocrx_word' id='word_1_35' title='bbox 433 1291 560 1366; x_wconf 88' lang='lat' dir='ltr'>dilecti</span> <span class='ocrx_word' id='word_1_36' title='bbox 576 1294 635 1366; x_wconf 81' lang='lat' dir='ltr'>iiri</span> <span class='ocrx_word' id='word_1_37' title='bbox 650 1304 690 1369; x_wconf 91' lang='lat' dir='ltr'>et</span> <span class='ocrx_word' id='word_1_38' title='bbox 705 1293 826 1370; x_wconf 86' lang='lat' dir='ltr'>fidelis</span> <span class='ocrx_word' id='word_1_39' title='bbox 843 1296 1004 1372; x_wconf 87' lang='lat' dir='ltr'>Roberti</span> <span class='ocrx_word' id='word_1_40' title='bbox 1022 1297 1181 1396; x_wconf 84' lang='lat' dir='ltr'>Logane</span> <span class='ocrx_word' id='word_1_41' title='bbox 1197 1296 1329 1372; x_wconf 87' lang='lat' dir='ltr'>militis</span> <span class='ocrx_word' id='word_1_42' title='bbox 1344 1339 1354 1358; x_wconf 89' lang='lat'><strong>·</strong></span> <span class='ocrx_word' id='word_1_43' title='bbox 1368 1298 1504 1372; x_wconf 81' lang='lat' dir='ltr'>factam</span> <span class='ocrx_word' id='word_1_44' title='bbox 1521 1308 1561 1372; x_wconf 92' lang='lat' dir='ltr'>et</span> <span class='ocrx_word' id='word_1_45' title='bbox 1577 1298 1780 1374; x_wconf 73' lang='lat' dir='ltr'>concessam</span> <span class='ocrx_word' id='word_1_46' title='bbox 1800 1298 1870 1374; x_wconf 88' lang='lat' dir='ltr'>deo</span> 
     </span>
     <span class='ocr_line' id='line_1_6' title="bbox 434 1439 1871 1543; baseline 0.007 -32"><span class='ocrx_word' id='word_1_47' title='bbox 434 1448 472 1511; x_wconf 90' lang='lat' dir='ltr'>et</span> <span class='ocrx_word' id='word_1_48' title='bbox 499 1439 607 1512; x_wconf 69' lang='lat' dir='ltr'>beam</span> <span class='ocrx_word' id='word_1_49' title='bbox 635 1441 752 1514; x_wconf 89' lang='lat' dir='ltr'>marie</span> <span class='ocrx_word' id='word_1_50' title='bbox 780 1442 919 1541; x_wconf 85' lang='lat' dir='ltr'>virgini</span> <span class='ocrx_word' id='word_1_51' title='bbox 946 1466 990 1516; x_wconf 86' lang='lat' dir='ltr'>ac</span> <span class='ocrx_word' id='word_1_52' title='bbox 1019 1444 1197 1518; x_wconf 81' lang='lat' dir='ltr'>omnibus</span> <span class='ocrx_word' id='word_1_53' title='bbox 1223 1445 1379 1518; x_wconf 85' lang='lat' dir='ltr'>sanctia·</span> <span class='ocrx_word' id='word_1_54' title='bbox 1398 1455 1519 1518; x_wconf 84' lang='lat' dir='ltr'>necno</span> <span class='ocrx_word' id='word_1_55' title='bbox 1548 1443 1748 1543; x_wconf 79' lang='lat' dir='ltr'>Religiofis</span> <span class='ocrx_word' id='word_1_56' title='bbox 1780 1447 1871 1520; x_wconf 88' lang='lat' dir='ltr'>viria</span> 
     </span>
     <span class='ocr_line' id='line_1_7' title="bbox 434 1583 1870 1688; baseline 0.005 -31"><span class='ocrx_word' id='word_1_57' title='bbox 434 1583 579 1658; x_wconf 79' lang='lat' dir='ltr'>Abbati</span> <span class='ocrx_word' id='word_1_58' title='bbox 603 1593 642 1658; x_wconf 89' lang='lat' dir='ltr'>et</span> <span class='ocrx_word' id='word_1_59' title='bbox 666 1588 847 1661; x_wconf 82' lang='lat' dir='ltr'>conentui</span> <span class='ocrx_word' id='word_1_60' title='bbox 871 1589 1080 1688; x_wconf 86' lang='lat' dir='ltr'>monasterij</span> <span class='ocrx_word' id='word_1_61' title='bbox 1108 1588 1157 1663; x_wconf 90' lang='lat' dir='ltr'>de</span> <span class='ocrx_word' id='word_1_62' title='bbox 1173 1588 1308 1664; x_wconf 87' lang='lat' dir='ltr'>melros</span> <span class='ocrx_word' id='word_1_63' title='bbox 1325 1589 1480 1687; x_wconf 66' lang='lat' dir='ltr'>dntibus</span> <span class='ocrx_word' id='word_1_64' title='bbox 1501 1597 1541 1663; x_wconf 90' lang='lat' dir='ltr'>et</span> <span class='ocrx_word' id='word_1_65' title='bbox 1564 1589 1703 1664; x_wconf 81' lang='lat' dir='ltr'>futuris</span> <span class='ocrx_word' id='word_1_66' title='bbox 1727 1590 1870 1666; x_wconf 86' lang='lat' dir='ltr'>ibidem</span> 
     </span>
     <span class='ocr_line' id='line_1_8' title="bbox 433 1729 1877 1846; baseline 0.005 -42"><span class='ocrx_word' id='word_1_67' title='bbox 433 1729 645 1804; x_wconf 67' lang='lat' dir='ltr'>duientibua</span> <span class='ocrx_word' id='word_1_68' title='bbox 668 1739 706 1804; x_wconf 86' lang='lat' dir='ltr'>et</span> <span class='ocrx_word' id='word_1_69' title='bbox 722 1733 963 1831; x_wconf 86' lang='lat' dir='ltr'>imppetuum</span> <span class='ocrx_word' id='word_1_70' title='bbox 978 1735 1168 1810; x_wconf 80' lang='lat' dir='ltr'>servituris</span> <span class='ocrx_word' id='word_1_71' title='bbox 1183 1774 1192 1795; x_wconf 90' lang='lat'><strong>·</strong></span> <span class='ocrx_word' id='word_1_72' title='bbox 1205 1734 1246 1808; x_wconf 93' lang='lat' dir='ltr'>in</span> <span class='ocrx_word' id='word_1_73' title='bbox 1263 1759 1398 1832; x_wconf 90' lang='lat' dir='ltr'>puram</span> <span class='ocrx_word' id='word_1_74' title='bbox 1415 1746 1455 1810; x_wconf 92' lang='lat' dir='ltr'>et</span> <span class='ocrx_word' id='word_1_75' title='bbox 1477 1743 1657 1833; x_wconf 87' lang='lat' dir='ltr'>ppetuam</span> <span class='ocrx_word' id='word_1_76' title='bbox 1675 1735 1877 1846; x_wconf 26' lang='lat' dir='ltr'>elemofint·</span> 
     </span>
     <span class='ocr_line' id='line_1_9' title="bbox 434 1875 1872 1976; baseline 0.007 -28"><span class='ocrx_word' id='word_1_77' title='bbox 434 1875 483 1948; x_wconf 90' lang='lat' dir='ltr'>de</span> <span class='ocrx_word' id='word_1_78' title='bbox 507 1877 671 1974; x_wconf 88' lang='lat' dir='ltr'>quodam</span> <span class='ocrx_word' id='word_1_79' title='bbox 696 1886 915 1954; x_wconf 70' lang='lat' dir='ltr'>tenemento</span> <span class='ocrx_word' id='word_1_80' title='bbox 939 1902 1029 1954; x_wconf 89' lang='lat' dir='ltr'>cum</span> <span class='ocrx_word' id='word_1_81' title='bbox 1053 1881 1251 1976; x_wconf 85' lang='lat' dir='ltr'>ptinenciia</span> <span class='ocrx_word' id='word_1_82' title='bbox 1273 1880 1423 1956; x_wconf 82' lang='lat' dir='ltr'>Jacent·</span> <span class='ocrx_word' id='word_1_83' title='bbox 1446 1882 1486 1954; x_wconf 93' lang='lat' dir='ltr'>in</span> <span class='ocrx_word' id='word_1_84' title='bbox 1502 1881 1593 1956; x_wconf 87' lang='lat' dir='ltr'>villa</span> <span class='ocrx_word' id='word_1_85' title='bbox 1617 1881 1666 1955; x_wconf 91' lang='lat' dir='ltr'>de</span> <span class='ocrx_word' id='word_1_86' title='bbox 1682 1881 1872 1958; x_wconf 81' lang='lat' dir='ltr'>leth-de</span> 
     </span>
     <span class='ocr_line' id='line_1_10' title="bbox 434 2000 1870 2126; baseline 0.004 -30"><span class='ocrx_word' id='word_1_87' title='bbox 434 2021 613 2097; x_wconf 85' lang='lat' dir='ltr'>mandato</span> <span class='ocrx_word' id='word_1_88' title='bbox 646 2025 713 2100; x_wconf 80' lang='lat' dir='ltr'>iiro</span> <span class='ocrx_word' id='word_1_89' title='bbox 747 2024 863 2100; x_wconf 87' lang='lat' dir='ltr'>visam</span> <span class='ocrx_word' id='word_1_90' title='bbox 895 2024 1029 2100; x_wconf 87' lang='lat' dir='ltr'>lectam</span> <span class='ocrx_word' id='word_1_91' title='bbox 1064 2027 1270 2126; x_wconf 81' lang='lat' dir='ltr'>inspectam</span> <span class='ocrx_word' id='word_1_92' title='bbox 1303 2034 1343 2101; x_wconf 90' lang='lat' dir='ltr'>et</span> <span class='ocrx_word' id='word_1_93' title='bbox 1375 2000 1542 2126; x_wconf 62' lang='lat' dir='ltr'>diligen?</span> <span class='ocrx_word' id='word_1_94' title='bbox 1568 2028 1870 2102; x_wconf 74' lang='lat' dir='ltr'>examinata-no</span> 
     </span>
     <span class='ocr_line' id='line_1_11' title="bbox 435 2168 1870 2273; baseline 0.007 -33"><span class='ocrx_word' id='word_1_95' title='bbox 435 2169 551 2242; x_wconf 86' lang='lat' dir='ltr'>rasam</span> <span class='ocrx_word' id='word_1_96' title='bbox 567 2191 644 2243; x_wconf 91' lang='lat' dir='ltr'>non</span> <span class='ocrx_word' id='word_1_97' title='bbox 661 2168 865 2244; x_wconf 86' lang='lat' dir='ltr'>habolitam</span> <span class='ocrx_word' id='word_1_98' title='bbox 878 2213 887 2232; x_wconf 92' lang='lat'><strong>·</strong></span> <span class='ocrx_word' id='word_1_99' title='bbox 901 2195 977 2245; x_wconf 91' lang='lat' dir='ltr'>non</span> <span class='ocrx_word' id='word_1_100' title='bbox 996 2171 1235 2247; x_wconf 85' lang='lat' dir='ltr'>cancellatam</span> <span class='ocrx_word' id='word_1_101' title='bbox 1254 2195 1324 2248; x_wconf 91' lang='lat' dir='ltr'>nec</span> <span class='ocrx_word' id='word_1_102' title='bbox 1338 2175 1379 2246; x_wconf 94' lang='lat' dir='ltr'>in</span> <span class='ocrx_word' id='word_1_103' title='bbox 1404 2172 1532 2271; x_wconf 77' lang='lat' dir='ltr'>eliqua</span> <span class='ocrx_word' id='word_1_104' title='bbox 1553 2170 1610 2248; x_wconf 86' lang='lat' dir='ltr'>sui</span> <span class='ocrx_word' id='word_1_105' title='bbox 1634 2184 1740 2273; x_wconf 85' lang='lat' dir='ltr'>parte</span> <span class='ocrx_word' id='word_1_106' title='bbox 1756 2175 1870 2250; x_wconf 82' lang='lat' dir='ltr'>vicia·</span> 
     </span>
     <span class='ocr_line' id='line_1_12' title="bbox 435 2314 1871 2417; baseline 0.008 -31"><span class='ocrx_word' id='word_1_107' title='bbox 435 2323 515 2387; x_wconf 87' lang='lat' dir='ltr'>tam</span> <span class='ocrx_word' id='word_1_108' title='bbox 531 2314 579 2388; x_wconf 89' lang='lat' dir='ltr'>ad</span> <span class='ocrx_word' id='word_1_109' title='bbox 594 2314 710 2414; x_wconf 74' lang='lat' dir='ltr'>plenu</span> <span class='ocrx_word' id='word_1_110' title='bbox 726 2315 944 2390; x_wconf 78' lang='lat' dir='ltr'>intellexisse</span> <span class='ocrx_word' id='word_1_111' title='bbox 961 2325 1090 2392; x_wconf 75' lang='lat' dir='ltr'>tenore</span> <span class='ocrx_word' id='word_1_112' title='bbox 1106 2319 1175 2417; x_wconf 92' lang='lat' dir='ltr'>qui</span> <span class='ocrx_word' id='word_1_113' title='bbox 1190 2319 1328 2417; x_wconf 84' lang='lat' dir='ltr'>sequit²</span> <span class='ocrx_word' id='word_1_114' title='bbox 1344 2318 1394 2391; x_wconf 91' lang='lat' dir='ltr'>de</span> <span class='ocrx_word' id='word_1_115' title='bbox 1409 2318 1525 2394; x_wconf 88' lang='lat' dir='ltr'>verbo</span> <span class='ocrx_word' id='word_1_116' title='bbox 1550 2318 1592 2392; x_wconf 94' lang='lat' dir='ltr'>in</span> <span class='ocrx_word' id='word_1_117' title='bbox 1616 2319 1736 2395; x_wconf 75' lang='lat' dir='ltr'>verbu</span> <span class='ocrx_word' id='word_1_118' title='bbox 1752 2322 1871 2396; x_wconf 80' lang='lat' dir='ltr'>conti-</span> 
     </span>
     <span class='ocr_line' id='line_1_13' title="bbox 434 2461 1870 2565; baseline 0.006 -33"><span class='ocrx_word' id='word_1_119' title='bbox 434 2467 608 2534; x_wconf 89' lang='lat' dir='ltr'>nentem·</span> <span class='ocrx_word' id='word_1_120' title='bbox 622 2461 809 2535; x_wconf 90' lang='lat' dir='ltr'>Omnibus</span> <span class='ocrx_word' id='word_1_121' title='bbox 826 2462 923 2537; x_wconf 83' lang='lat' dir='ltr'>benc</span> <span class='ocrx_word' id='word_1_122' title='bbox 938 2471 1078 2538; x_wconf 86' lang='lat' dir='ltr'>cartam</span> <span class='ocrx_word' id='word_1_123' title='bbox 1088 2465 1220 2538; x_wconf 83' lang='lat' dir='ltr'>visuris</span> <span class='ocrx_word' id='word_1_124' title='bbox 1232 2468 1276 2539; x_wconf 86' lang='lat' dir='ltr'>ul</span> <span class='ocrx_word' id='word_1_125' title='bbox 1290 2466 1465 2548; x_wconf 73' lang='lat' dir='ltr'>auditur(</span> <span class='ocrx_word' id='word_1_126' title='bbox 1481 2507 1491 2526; x_wconf 88' lang='lat'><strong>·</strong></span> <span class='ocrx_word' id='word_1_127' title='bbox 1506 2466 1700 2542; x_wconf 79' lang='lat' dir='ltr'>Rcbertua</span> <span class='ocrx_word' id='word_1_128' title='bbox 1712 2466 1870 2565; x_wconf 78' lang='lat' dir='ltr'>Logane</span> 
     </span>
     <span class='ocr_line' id='line_1_14' title="bbox 433 2585 1871 2710; baseline 0.006 -31"><span class='ocrx_word' id='word_1_129' title='bbox 433 2603 541 2680; x_wconf 85' lang='lat' dir='ltr'>miles</span> <span class='ocrx_word' id='word_1_130' title='bbox 565 2606 635 2681; x_wconf 78' lang='lat' dir='ltr'>dds</span> <span class='ocrx_word' id='word_1_131' title='bbox 659 2607 707 2681; x_wconf 92' lang='lat' dir='ltr'>de</span> <span class='ocrx_word' id='word_1_132' title='bbox 729 2607 904 2706; x_wconf 77' lang='lat' dir='ltr'>letbalryk</span> <span class='ocrx_word' id='word_1_133' title='bbox 922 2608 1037 2684; x_wconf 78' lang='lat' dir='ltr'>salute</span> <span class='ocrx_word' id='word_1_134' title='bbox 1060 2611 1101 2684; x_wconf 92' lang='lat' dir='ltr'>in</span> <span class='ocrx_word' id='word_1_135' title='bbox 1126 2610 1203 2686; x_wconf 85' lang='lat' dir='ltr'>diio</span> <span class='ocrx_word' id='word_1_136' title='bbox 1227 2585 1453 2710; x_wconf 70' lang='lat' dir='ltr'>sempil&#39;nam</span> <span class='ocrx_word' id='word_1_137' title='bbox 1479 2612 1609 2688; x_wconf 69' lang='lat' dir='ltr'>Sciatis</span> <span class='ocrx_word' id='word_1_138' title='bbox 1632 2637 1694 2686; x_wconf 91' lang='lat' dir='ltr'>me</span> <span class='ocrx_word' id='word_1_139' title='bbox 1707 2641 1735 2707; x_wconf 83' lang='lat' dir='ltr'>p</span> <span class='ocrx_word' id='word_1_140' title='bbox 1750 2611 1871 2688; x_wconf 81' lang='lat' dir='ltr'>utute</span> 
     </span>
     <span class='ocr_line' id='line_1_15' title="bbox 431 2751 1866 2850; baseline 0.005 -26"><span class='ocrx_word' id='word_1_141' title='bbox 431 2751 555 2826; x_wconf 88' lang='lat' dir='ltr'>anime</span> <span class='ocrx_word' id='word_1_142' title='bbox 567 2775 650 2828; x_wconf 90' lang='lat' dir='ltr'>mee</span> <span class='ocrx_word' id='word_1_143' title='bbox 663 2761 737 2850; x_wconf 86' lang='lat' dir='ltr'>etp</span> <span class='ocrx_word' id='word_1_144' title='bbox 749 2753 867 2831; x_wconf 87' lang='lat' dir='ltr'>salute</span> <span class='ocrx_word' id='word_1_145' title='bbox 879 2757 981 2830; x_wconf 78' lang='lat' dir='ltr'>aicrr‘r</span> <span class='ocrx_word' id='word_1_146' title='bbox 993 2757 1073 2830; x_wconf 88' lang='lat' dir='ltr'>oim</span> <span class='ocrx_word' id='word_1_147' title='bbox 1089 2756 1274 2832; x_wconf 75' lang='lat' dir='ltr'>ancefforu</span> <span class='ocrx_word' id='word_1_148' title='bbox 1289 2765 1330 2832; x_wconf 90' lang='lat' dir='ltr'>et</span> <span class='ocrx_word' id='word_1_149' title='bbox 1344 2759 1545 2834; x_wconf 78' lang='lat' dir='ltr'>succesion&#39;r</span> <span class='ocrx_word' id='word_1_150' title='bbox 1560 2781 1673 2847; x_wconf 68' lang='lat' dir='ltr'>meon</span> <span class='ocrx_word' id='word_1_151' title='bbox 1686 2783 1695 2832; x_wconf 78' lang='lat' dir='ltr'>r</span> <span class='ocrx_word' id='word_1_152' title='bbox 1709 2757 1866 2834; x_wconf 68' lang='lat' dir='ltr'>dediffez</span> 
     </span>
     <span class='ocr_line' id='line_1_16' title="bbox 432 2899 1871 3004; baseline 0.004 -30"><span class='ocrx_word' id='word_1_153' title='bbox 432 2899 657 2998; x_wconf 71' lang='lat' dir='ltr'>concedisset</span> <span class='ocrx_word' id='word_1_154' title='bbox 671 2910 711 2975; x_wconf 91' lang='lat' dir='ltr'>et</span> <span class='ocrx_word' id='word_1_155' title='bbox 727 2901 796 2977; x_wconf 86' lang='lat' dir='ltr'>hac</span> <span class='ocrx_word' id='word_1_156' title='bbox 813 2904 975 3002; x_wconf 87' lang='lat' dir='ltr'>presenti</span> <span class='ocrx_word' id='word_1_157' title='bbox 990 2911 1090 2978; x_wconf 85' lang='lat' dir='ltr'>carta</span> <span class='ocrx_word' id='word_1_158' title='bbox 1115 2927 1200 2978; x_wconf 85' lang='lat' dir='ltr'>mea</span> <span class='ocrx_word' id='word_1_159' title='bbox 1223 2905 1451 2980; x_wconf 82' lang='lat' dir='ltr'>confirmaffe</span> <span class='ocrx_word' id='word_1_160' title='bbox 1463 2946 1472 2968; x_wconf 91' lang='lat'><strong>·</strong></span> <span class='ocrx_word' id='word_1_161' title='bbox 1484 2904 1557 2980; x_wconf 90' lang='lat' dir='ltr'>deo</span> <span class='ocrx_word' id='word_1_162' title='bbox 1573 2913 1612 2979; x_wconf 90' lang='lat' dir='ltr'>et</span> <span class='ocrx_word' id='word_1_163' title='bbox 1627 2905 1737 2982; x_wconf 85' lang='lat' dir='ltr'>beate</span> <span class='ocrx_word' id='word_1_164' title='bbox 1754 2908 1871 3004; x_wconf 77' lang='lat' dir='ltr'>merie</span> 
     </span>
     <span class='ocr_line' id='line_1_17' title="bbox 435 3048 1873 3149; baseline 0.006 -29"><span class='ocrx_word' id='word_1_165' title='bbox 435 3049 649 3146; x_wconf 78' lang='lat' dir='ltr'>virginitac</span> <span class='ocrx_word' id='word_1_166' title='bbox 662 3049 811 3145; x_wconf 77' lang='lat' dir='ltr'>omnib3</span> <span class='ocrx_word' id='word_1_167' title='bbox 823 3048 954 3124; x_wconf 86' lang='lat' dir='ltr'>sanctis</span> <span class='ocrx_word' id='word_1_168' title='bbox 967 3073 977 3125; x_wconf 79' lang='lat' dir='ltr'>t</span> <span class='ocrx_word' id='word_1_169' title='bbox 990 3060 1111 3125; x_wconf 82' lang='lat' dir='ltr'>necno</span> <span class='ocrx_word' id='word_1_170' title='bbox 1122 3059 1162 3124; x_wconf 88' lang='lat' dir='ltr'>et</span> <span class='ocrx_word' id='word_1_171' title='bbox 1174 3048 1373 3149; x_wconf 80' lang='lat' dir='ltr'>Religiofia</span> <span class='ocrx_word' id='word_1_172' title='bbox 1385 3051 1475 3125; x_wconf 84' lang='lat' dir='ltr'>viria</span> <span class='ocrx_word' id='word_1_173' title='bbox 1487 3051 1635 3126; x_wconf 85' lang='lat' dir='ltr'>Abbati</span> <span class='ocrx_word' id='word_1_174' title='bbox 1643 3058 1684 3126; x_wconf 90' lang='lat' dir='ltr'>et</span> <span class='ocrx_word' id='word_1_175' title='bbox 1693 3054 1873 3128; x_wconf 74' lang='lat' dir='ltr'>couenmi</span> 
     </span>
     <span class='ocr_line' id='line_1_18' title="bbox 435 3165 1872 3298; baseline 0.006 -33"><span class='ocrx_word' id='word_1_176' title='bbox 435 3165 618 3266; x_wconf 67' lang='lat' dir='ltr'>monulfi</span> <span class='ocrx_word' id='word_1_177' title='bbox 633 3193 991 3294; x_wconf 66' lang='lat' dir='ltr'>aemelmsentnus</span> <span class='ocrx_word' id='word_1_178' title='bbox 1008 3203 1047 3269; x_wconf 79' lang='lat' dir='ltr'>et</span> <span class='ocrx_word' id='word_1_179' title='bbox 1063 3197 1201 3270; x_wconf 70' lang='lat' dir='ltr'>anuis</span> <span class='ocrx_word' id='word_1_180' title='bbox 1215 3197 1294 3270; x_wconf 80' lang='lat' dir='ltr'>nn</span> <span class='ocrx_word' id='word_1_181' title='bbox 1307 3196 1608 3292; x_wconf 65' lang='lat' dir='ltr'>ceoreruentiu</span> <span class='ocrx_word' id='word_1_182' title='bbox 1622 3199 1872 3298; x_wconf 79' lang='lat' dir='ltr'>etimppetuu</span> 
     </span>
    </p>
   </div>
   <div class='ocr_carea' id='block_1_3' title="bbox 432 3318 1875 3860">
    <p class='ocr_par' dir='ltr' id='par_1_3' title="bbox 432 3318 1875 3860">
     <span class='ocr_line' id='line_1_19' title="bbox 432 3318 1875 3446; baseline 0.006 -35"><span class='ocrx_word' id='word_1_183' title='bbox 432 3337 820 3438; x_wconf 57' lang='lat' dir='ltr'>luituriscuoddcm</span> <span class='ocrx_word' id='word_1_184' title='bbox 843 3348 1060 3415; x_wconf 70' lang='lat' dir='ltr'>tenemento</span> <span class='ocrx_word' id='word_1_185' title='bbox 1077 3353 1166 3416; x_wconf 76' lang='lat' dir='ltr'>meu</span> <span class='ocrx_word' id='word_1_186' title='bbox 1190 3343 1231 3415; x_wconf 93' lang='lat' dir='ltr'>in</span> <span class='ocrx_word' id='word_1_187' title='bbox 1257 3341 1348 3446; x_wconf 83' lang='lat' dir='ltr'>villa</span> <span class='ocrx_word' id='word_1_188' title='bbox 1363 3343 1413 3417; x_wconf 91' lang='lat' dir='ltr'>de</span> <span class='ocrx_word' id='word_1_189' title='bbox 1427 3341 1506 3416; x_wconf 93' lang='lat' dir='ltr'>leth</span> <span class='ocrx_word' id='word_1_190' title='bbox 1522 3344 1658 3420; x_wconf 88' lang='lat' dir='ltr'>Jacena</span> <span class='ocrx_word' id='word_1_191' title='bbox 1682 3318 1749 3418; x_wconf 67' lang='lat' dir='ltr'>inl)</span> <span class='ocrx_word' id='word_1_192' title='bbox 1768 3353 1875 3420; x_wconf 88' lang='lat' dir='ltr'>tene-</span> 
     </span>
     <span class='ocr_line' id='line_1_20' title="bbox 433 3483 1870 3588; baseline 0.007 -32"><span class='ocrx_word' id='word_1_193' title='bbox 433 3492 580 3575; x_wconf 65' lang='lat' dir='ltr'>messtum</span> <span class='ocrx_word' id='word_1_194' title='bbox 596 3485 623 3558; x_wconf 88' lang='lat' dir='ltr'><strong>J</strong></span> <span class='ocrx_word' id='word_1_195' title='bbox 624 3483 779 3560; x_wconf 85' lang='lat' dir='ltr'>ohannis</span> <span class='ocrx_word' id='word_1_196' title='bbox 796 3484 856 3559; x_wconf 75' lang='lat' dir='ltr'>dei</span> <span class='ocrx_word' id='word_1_197' title='bbox 873 3486 921 3561; x_wconf 92' lang='lat' dir='ltr'>de</span> <span class='ocrx_word' id='word_1_198' title='bbox 938 3485 1135 3585; x_wconf 81' lang='lat' dir='ltr'>Bekyrtoii</span> <span class='ocrx_word' id='word_1_199' title='bbox 1151 3511 1201 3562; x_wconf 85' lang='lat' dir='ltr'>ex</span> <span class='ocrx_word' id='word_1_200' title='bbox 1216 3496 1324 3586; x_wconf 86' lang='lat' dir='ltr'>parte</span> <span class='ocrx_word' id='word_1_201' title='bbox 1338 3489 1511 3564; x_wconf 89' lang='lat' dir='ltr'>orientali</span> <span class='ocrx_word' id='word_1_202' title='bbox 1527 3513 1577 3564; x_wconf 82' lang='lat' dir='ltr'>ex</span> <span class='ocrx_word' id='word_1_203' title='bbox 1592 3499 1700 3588; x_wconf 87' lang='lat' dir='ltr'>parte</span> <span class='ocrx_word' id='word_1_204' title='bbox 1716 3515 1793 3567; x_wconf 86' lang='lat' dir='ltr'>vna</span> <span class='ocrx_word' id='word_1_205' title='bbox 1803 3524 1817 3565; x_wconf 78' lang='grc' dir='ltr'><em>ι</em></span> <span class='ocrx_word' id='word_1_206' title='bbox 1829 3502 1870 3568; x_wconf 88' lang='lat' dir='ltr'>et</span> 
     </span>
     <span class='ocr_line' id='line_1_21' title="bbox 433 3610 1870 3734; baseline 0.009 -34"><span class='ocrx_word' id='word_1_207' title='bbox 433 3637 625 3704; x_wconf 79' lang='lat' dir='ltr'>tenemetn</span> <span class='ocrx_word' id='word_1_208' title='bbox 641 3630 774 3706; x_wconf 72' lang='lat' dir='ltr'>Jaoou</span> <span class='ocrx_word' id='word_1_209' title='bbox 791 3630 850 3705; x_wconf 78' lang='lat' dir='ltr'>aa</span> <span class='ocrx_word' id='word_1_210' title='bbox 867 3630 930 3706; x_wconf 77' lang='lat' dir='ltr'>aer</span> <span class='ocrx_word' id='word_1_211' title='bbox 945 3629 1151 3707; x_wconf 78' lang='lat' dir='ltr'>ffoulefurd</span> <span class='ocrx_word' id='word_1_212' title='bbox 1166 3655 1216 3707; x_wconf 73' lang='lat' dir='ltr'>ex</span> <span class='ocrx_word' id='word_1_213' title='bbox 1232 3642 1338 3733; x_wconf 69' lang='lat' dir='ltr'>pane</span> <span class='ocrx_word' id='word_1_214' title='bbox 1353 3635 1574 3711; x_wconf 77' lang='lat' dir='ltr'>ooeiaenan</span> <span class='ocrx_word' id='word_1_215' title='bbox 1589 3659 1639 3710; x_wconf 77' lang='lat' dir='ltr'>ex</span> <span class='ocrx_word' id='word_1_216' title='bbox 1663 3645 1771 3734; x_wconf 76' lang='lat' dir='ltr'>parte</span> <span class='ocrx_word' id='word_1_217' title='bbox 1793 3610 1870 3712; x_wconf 71' lang='lat' dir='ltr'>ula</span> 
     </span>
     <span class='ocr_line' id='line_1_22' title="bbox 433 3774 1872 3860; baseline 0.006 -9"><span class='ocrx_word' id='word_1_218' title='bbox 433 3774 618 3851; x_wconf 78' lang='lat' dir='ltr'>Tenendfi</span> <span class='ocrx_word' id='word_1_219' title='bbox 636 3793 662 3851; x_wconf 64' lang='lat' dir='ltr'>a</span> <span class='ocrx_word' id='word_1_220' title='bbox 680 3775 853 3851; x_wconf 80' lang='lat' dir='ltr'>lnbendr&#39;r</span> <span class='ocrx_word' id='word_1_221' title='bbox 869 3776 971 3854; x_wconf 90' lang='lat' dir='ltr'>idem</span> <span class='ocrx_word' id='word_1_222' title='bbox 990 3786 1183 3856; x_wconf 79' lang='lat' dir='ltr'>tenemetn</span> <span class='ocrx_word' id='word_1_223' title='bbox 1199 3781 1294 3855; x_wconf 87' lang='lat' dir='ltr'>ficut</span> <span class='ocrx_word' id='word_1_224' title='bbox 1309 3781 1346 3854; x_wconf 86' lang='lat' dir='ltr'>se</span> <span class='ocrx_word' id='word_1_225' title='bbox 1361 3781 1535 3856; x_wconf 86' lang='lat' dir='ltr'>extendit</span> <span class='ocrx_word' id='word_1_226' title='bbox 1558 3790 1599 3856; x_wconf 90' lang='lat' dir='ltr'>et</span> <span class='ocrx_word' id='word_1_227' title='bbox 1613 3782 1711 3858; x_wconf 88' lang='lat' dir='ltr'>iacet</span> <span class='ocrx_word' id='word_1_228' title='bbox 1726 3807 1777 3860; x_wconf 83' lang='lat' dir='ltr'>ex</span> <span class='ocrx_word' id='word_1_229' title='bbox 1792 3786 1872 3860; x_wconf 78' lang='lat' dir='ltr'>offii</span> 
     </span>
    </p>
   </div>
   <div class='ocr_carea' id='block_1_4' title="bbox 430 3923 1871 4748">
    <p class='ocr_par' dir='ltr' id='par_1_4' title="bbox 430 3923 1871 4748">
     <span class='ocr_line' id='line_1_23' title="bbox 430 3923 1870 4023; baseline 0.006 -26"><span class='ocrx_word' id='word_1_230' title='bbox 430 3929 537 4022; x_wconf 88' lang='lat' dir='ltr'>parte</span> <span class='ocrx_word' id='word_1_231' title='bbox 550 3927 560 3985; x_wconf 59' lang='grc' dir='ltr'><strong><em>ἰ</em></strong></span> <span class='ocrx_word' id='word_1_232' title='bbox 575 3930 654 3997; x_wconf 83' lang='lat' dir='ltr'>tam</span> <span class='ocrx_word' id='word_1_233' title='bbox 677 3923 718 3996; x_wconf 93' lang='lat' dir='ltr'>in</span> <span class='ocrx_word' id='word_1_234' title='bbox 743 3923 982 4023; x_wconf 82' lang='lat' dir='ltr'>longitudine</span> <span class='ocrx_word' id='word_1_235' title='bbox 1005 3925 1051 4023; x_wconf 77' lang='lat' dir='ltr'>q‘</span> <span class='ocrx_word' id='word_1_236' title='bbox 1069 3925 1110 3999; x_wconf 93' lang='lat' dir='ltr'>in</span> <span class='ocrx_word' id='word_1_237' title='bbox 1135 3925 1338 4000; x_wconf 87' lang='lat' dir='ltr'>latitudine</span> <span class='ocrx_word' id='word_1_238' title='bbox 1353 3967 1363 3988; x_wconf 86' lang='lat'><strong>·</strong></span> <span class='ocrx_word' id='word_1_239' title='bbox 1379 3952 1404 4021; x_wconf 88' lang='lat' dir='ltr'>p</span> <span class='ocrx_word' id='word_1_240' title='bbox 1419 3937 1523 4002; x_wconf 78' lang='lat' dir='ltr'>offies</span> <span class='ocrx_word' id='word_1_241' title='bbox 1547 3940 1665 4003; x_wconf 89' lang='lat' dir='ltr'>rectaa</span> <span class='ocrx_word' id='word_1_242' title='bbox 1688 3938 1870 4006; x_wconf 73' lang='lat' dir='ltr'>meteret</span> 
     </span>
     <span class='ocr_line' id='line_1_24' title="bbox 431 4069 1867 4171; baseline 0.005 -29"><span class='ocrx_word' id='word_1_243' title='bbox 431 4069 566 4144; x_wconf 86' lang='lat' dir='ltr'>diuisas</span> <span class='ocrx_word' id='word_1_244' title='bbox 581 4071 662 4144; x_wconf 84' lang='lat' dir='ltr'>suas</span> <span class='ocrx_word' id='word_1_245' title='bbox 679 4069 822 4144; x_wconf 83' lang='lat' dir='ltr'>debitas</span> <span class='ocrx_word' id='word_1_246' title='bbox 838 4076 878 4144; x_wconf 89' lang='lat' dir='ltr'>et</span> <span class='ocrx_word' id='word_1_247' title='bbox 890 4073 1081 4146; x_wconf 78' lang='lat' dir='ltr'>consuetas</span> <span class='ocrx_word' id='word_1_248' title='bbox 1095 4111 1105 4132; x_wconf 92' lang='lat'><strong>·</strong></span> <span class='ocrx_word' id='word_1_249' title='bbox 1117 4095 1206 4146; x_wconf 90' lang='lat' dir='ltr'>cum</span> <span class='ocrx_word' id='word_1_250' title='bbox 1219 4071 1369 4146; x_wconf 76' lang='lat' dir='ltr'>omibus</span> <span class='ocrx_word' id='word_1_251' title='bbox 1381 4073 1550 4171; x_wconf 72' lang='lat' dir='ltr'>ptineciia</span> <span class='ocrx_word' id='word_1_252' title='bbox 1561 4073 1636 4149; x_wconf 86' lang='lat' dir='ltr'>suia</span> <span class='ocrx_word' id='word_1_253' title='bbox 1647 4114 1657 4137; x_wconf 91' lang='lat'><strong>·</strong></span> <span class='ocrx_word' id='word_1_254' title='bbox 1668 4082 1708 4149; x_wconf 90' lang='lat' dir='ltr'>et</span> <span class='ocrx_word' id='word_1_255' title='bbox 1721 4076 1867 4169; x_wconf 90' lang='lat' dir='ltr'>ptinere</span> 
     </span>
     <span class='ocr_line' id='line_1_25' title="bbox 432 4213 1868 4313; baseline 0.006 -28"><span class='ocrx_word' id='word_1_256' title='bbox 432 4213 657 4289; x_wconf 80' lang='lat' dir='ltr'>debentibus</span> <span class='ocrx_word' id='word_1_257' title='bbox 672 4216 1046 4291; x_wconf 68' lang='lat' dir='ltr'>consuetudinibus·</span> <span class='ocrx_word' id='word_1_258' title='bbox 1062 4217 1326 4313; x_wconf 78' lang='lat' dir='ltr'>comoditatib3</span> <span class='ocrx_word' id='word_1_259' title='bbox 1336 4216 1569 4293; x_wconf 83' lang='lat' dir='ltr'>libertatibus</span> <span class='ocrx_word' id='word_1_260' title='bbox 1578 4217 1700 4294; x_wconf 85' lang='lat' dir='ltr'>vfibua</span> <span class='ocrx_word' id='word_1_261' title='bbox 1711 4229 1751 4292; x_wconf 90' lang='lat' dir='ltr'>et</span> <span class='ocrx_word' id='word_1_262' title='bbox 1766 4216 1868 4293; x_wconf 60' lang='lat' dir='ltr'>ufic</span> 
     </span>
     <span class='ocr_line' id='line_1_26' title="bbox 433 4359 1869 4461; baseline 0.007 -31"><span class='ocrx_word' id='word_1_263' title='bbox 433 4359 572 4432; x_wconf 86' lang='lat' dir='ltr'>mentis</span> <span class='ocrx_word' id='word_1_264' title='bbox 589 4367 669 4432; x_wconf 88' lang='lat' dir='ltr'>tam</span> <span class='ocrx_word' id='word_1_265' title='bbox 686 4361 783 4434; x_wconf 85' lang='lat' dir='ltr'>infra</span> <span class='ocrx_word' id='word_1_266' title='bbox 799 4361 844 4458; x_wconf 60' lang='grc' dir='ltr'>ς’</span> <span class='ocrx_word' id='word_1_267' title='bbox 855 4369 963 4434; x_wconf 85' lang='lat' dir='ltr'>extra</span> <span class='ocrx_word' id='word_1_268' title='bbox 979 4369 1057 4435; x_wconf 88' lang='lat' dir='ltr'>tam</span> <span class='ocrx_word' id='word_1_269' title='bbox 1075 4386 1151 4458; x_wconf 81' lang='lat' dir='ltr'>ppe</span> <span class='ocrx_word' id='word_1_270' title='bbox 1167 4365 1212 4459; x_wconf 77' lang='lat' dir='ltr'>q‘</span> <span class='ocrx_word' id='word_1_271' title='bbox 1220 4363 1355 4461; x_wconf 88' lang='lat' dir='ltr'>procul</span> <span class='ocrx_word' id='word_1_272' title='bbox 1366 4390 1381 4438; x_wconf 76' lang='grc' dir='ltr'><em>ι</em></span> <span class='ocrx_word' id='word_1_273' title='bbox 1392 4371 1470 4438; x_wconf 88' lang='lat' dir='ltr'>tam</span> <span class='ocrx_word' id='word_1_274' title='bbox 1494 4365 1564 4440; x_wconf 88' lang='lat' dir='ltr'>sub</span> <span class='ocrx_word' id='word_1_275' title='bbox 1587 4373 1684 4438; x_wconf 84' lang='lat' dir='ltr'>terra</span> <span class='ocrx_word' id='word_1_276' title='bbox 1707 4374 1748 4437; x_wconf 90' lang='lat' dir='ltr'>et</span> <span class='ocrx_word' id='word_1_277' title='bbox 1766 4364 1869 4440; x_wconf 84' lang='lat' dir='ltr'>infra</span> 
     </span>
     <span class='ocr_line' id='line_1_27' title="bbox 434 4475 1870 4608; baseline 0.007 -32"><span class='ocrx_word' id='word_1_278' title='bbox 434 4503 479 4601; x_wconf 77' lang='lat' dir='ltr'>q‘</span> <span class='ocrx_word' id='word_1_279' title='bbox 490 4504 557 4598; x_wconf 87' lang='lat' dir='ltr'>sup</span> <span class='ocrx_word' id='word_1_280' title='bbox 572 4475 673 4576; x_wconf 56' lang='lat' dir='ltr'>pram</span> <span class='ocrx_word' id='word_1_281' title='bbox 690 4503 824 4578; x_wconf 81' lang='lat' dir='ltr'>rAdeo</span> <span class='ocrx_word' id='word_1_282' title='bbox 841 4504 955 4579; x_wconf 90' lang='lat' dir='ltr'>libere</span> <span class='ocrx_word' id='word_1_283' title='bbox 972 4506 1101 4604; x_wconf 89' lang='lat' dir='ltr'>quiete</span> <span class='ocrx_word' id='word_1_284' title='bbox 1125 4506 1291 4605; x_wconf 89' lang='lat' dir='ltr'>plenarie</span> <span class='ocrx_word' id='word_1_285' title='bbox 1314 4509 1462 4608; x_wconf 79' lang='lat' dir='ltr'>integre</span> <span class='ocrx_word' id='word_1_286' title='bbox 1486 4509 1689 4585; x_wconf 89' lang='lat' dir='ltr'>honorifice</span> <span class='ocrx_word' id='word_1_287' title='bbox 1712 4511 1810 4586; x_wconf 92' lang='lat' dir='ltr'>bene</span> <span class='ocrx_word' id='word_1_288' title='bbox 1828 4518 1870 4586; x_wconf 90' lang='lat' dir='ltr'>et</span> 
     </span>
     <span class='ocr_line' id='line_1_28' title="bbox 430 4647 1871 4748; baseline 0.006 -25"><span class='ocrx_word' id='word_1_289' title='bbox 430 4649 471 4723; x_wconf 90' lang='lat' dir='ltr'>in</span> <span class='ocrx_word' id='word_1_290' title='bbox 488 4671 580 4747; x_wconf 86' lang='lat' dir='ltr'>pace</span> <span class='ocrx_word' id='word_1_291' title='bbox 595 4647 690 4722; x_wconf 88' lang='lat' dir='ltr'>ficut</span> <span class='ocrx_word' id='word_1_292' title='bbox 705 4648 860 4748; x_wconf 82' lang='lat' dir='ltr'>aliquod</span> <span class='ocrx_word' id='word_1_293' title='bbox 875 4657 1110 4726; x_wconf 76' lang='lat' dir='ltr'>tenemetum</span> <span class='ocrx_word' id='word_1_294' title='bbox 1126 4655 1167 4726; x_wconf 91' lang='lat' dir='ltr'>in</span> <span class='ocrx_word' id='word_1_295' title='bbox 1185 4652 1253 4726; x_wconf 69' lang='lat' dir='ltr'>dia</span> <span class='ocrx_word' id='word_1_296' title='bbox 1268 4653 1359 4730; x_wconf 87' lang='lat' dir='ltr'>villa</span> <span class='ocrx_word' id='word_1_297' title='bbox 1372 4695 1381 4714; x_wconf 92' lang='lat'><strong>·</strong></span> <span class='ocrx_word' id='word_1_298' title='bbox 1396 4657 1473 4729; x_wconf 90' lang='lat' dir='ltr'>fiue</span> <span class='ocrx_word' id='word_1_299' title='bbox 1488 4653 1579 4728; x_wconf 85' lang='lat' dir='ltr'>alibi</span> <span class='ocrx_word' id='word_1_300' title='bbox 1595 4655 1644 4730; x_wconf 91' lang='lat' dir='ltr'>de</span> <span class='ocrx_word' id='word_1_301' title='bbox 1660 4679 1726 4731; x_wconf 90' lang='lat' dir='ltr'>me</span> <span class='ocrx_word' id='word_1_302' title='bbox 1743 4665 1784 4732; x_wconf 92' lang='lat' dir='ltr'>et</span> <span class='ocrx_word' id='word_1_303' title='bbox 1807 4656 1871 4732; x_wconf 87' lang='lat' dir='ltr'>be·</span> 
     </span>
    </p>
   </div>
   <div class='ocr_carea' id='block_1_5' title="bbox 430 4795 1872 4904">
    <p class='ocr_par' dir='ltr' id='par_1_5' title="bbox 430 4795 1872 4904">
     <span class='ocr_line' id='line_1_29' title="bbox 430 4795 1872 4904; baseline 0.005 -30"><span class='ocrx_word' id='word_1_304' title='bbox 430 4795 581 4874; x_wconf 78' lang='lat' dir='ltr'>aedibus</span> <span class='ocrx_word' id='word_1_305' title='bbox 597 4795 691 4870; x_wconf 86' lang='lat' dir='ltr'>meis</span> <span class='ocrx_word' id='word_1_306' title='bbox 707 4795 747 4870; x_wconf 93' lang='lat' dir='ltr'>in</span> <span class='ocrx_word' id='word_1_307' title='bbox 764 4803 846 4872; x_wconf 91' lang='lat' dir='ltr'>toto</span> <span class='ocrx_word' id='word_1_308' title='bbox 862 4797 1001 4898; x_wconf 82' lang='lat' dir='ltr'>Regno</span> <span class='ocrx_word' id='word_1_309' title='bbox 1017 4799 1120 4874; x_wconf 75' lang='lat' dir='ltr'>soce·</span> <span class='ocrx_word' id='word_1_310' title='bbox 1137 4797 1214 4878; x_wconf 83' lang='lat' dir='ltr'>fiue</span> <span class='ocrx_word' id='word_1_311' title='bbox 1229 4799 1394 4902; x_wconf 83' lang='lat' dir='ltr'>aliquib3</span> <span class='ocrx_word' id='word_1_312' title='bbox 1411 4800 1492 4878; x_wconf 81' lang='lat' dir='ltr'>aliia</span> <span class='ocrx_word' id='word_1_313' title='bbox 1508 4802 1627 4878; x_wconf 83' lang='lat' dir='ltr'>tenet²</span> <span class='ocrx_word' id='word_1_314' title='bbox 1651 4813 1692 4878; x_wconf 88' lang='lat' dir='ltr'>et</span> <span class='ocrx_word' id='word_1_315' title='bbox 1715 4802 1872 4904; x_wconf 88' lang='lat' dir='ltr'>poffide-</span> 
     </span>
    </p>
   </div>
   <div class='ocr_carea' id='block_1_6' title="bbox 0 0 2219 5842">
    <p class='ocr_par' dir='ltr' id='par_1_6' title="bbox 0 0 2219 5842">
     <span class='ocr_line' id='line_1_30' title="bbox 0 0 2219 5842; baseline 0 0"><span class='ocrx_word' id='word_1_316' title='bbox 0 0 2219 5842; x_wconf 95' lang='lat' dir='ltr'> </span> 
     </span>
    </p>
   </div>
  </div>
 </body>
</html>
