4425 5842
414 526 486 601 644
764 524 1122 603 MUNIMENTA
1147 526 1228 602 DE
1254 522 1494 601 MELROS.
1658 546 1743 599 sac.
1761 542 1849 599 xvi.

416 744 528 819 Carta
544 744 678 820 Jaeobi
694 744 761 843 gib
778 746 826 819 In
843 744 1110 844 auehmilling·

418 1020 619 1115 Omnibus
648 1036 745 1113 hano
772 1046 913 1113 cartam
942 1039 1075 1113 visuris
1110 1039 1172 1113 vel
1204 1038 1390 1113 audituris
1419 1037 1586 1113 Jacobus
1617 1034 1854 1136 permissione

417 1185 548 1258 diuina
563 1186 873 1263 ,comendaturius
897 1194 1060 1283 ppetuus
1091 1186 1354 1261 monasterioru
1381 1185 1430 1258 de
1460 1184 1560 1259 ealco
1576 1194 1616 1258 et
1631 1182 1774 1256 melros
1796 1206 1854 1255 or·

418 1330 515 1403 dinis
532 1330 717 1404 oistereied
734 1330 912 1429 glasgueb
928 1330 1078 1405 diooefis
1097 1330 1225 1406 Salute
1242 1333 1283 1405 in
1307 1333 1384 1404 ddo
1408 1304 1634 1429 sempi‘tham
1651 1329 1787 1416 Quum
1805 1352 1854 1403 ex

417 1477 567 1577 utriusq,
584 1476 674 1551 iuris
691 1478 877 1552 sanctione
893 1487 931 1552 et
949 1478 1216 1553 sereniffimoru
1232 1479 1345 1553 scotie
1361 1478 1536 1577 principa
1560 1476 1710 1551 statutis
1735 1477 1774 1549 in
1800 1476 1853 1547 rei

417 1622 565 1721 publice
582 1633 623 1697 et
639 1624 746 1722 regni
764 1623 968 1699 comodum
985 1624 1095 1699 editis
1112 1635 1226 1699 cautu
1243 1625 1370 1699 existit
1385 1634 1425 1698 et
1441 1633 1556 1699 terras
1572 1633 1613 1697 et
1627 1621 1855 1721 possessiones

416 1780 494 1843 tam
524 1770 768 1845 eoeliastiooru
795 1771 839 1869 ς’
861 1771 1038 1847 secularis]
1070 1772 1173 1846 eiusd
1203 1772 1244 1845 in
1270 1770 1480 1845 feodiflrms
1504 1771 1567 1844 seu
1591 1767 1852 1867 emphiteosim

419 1918 639 1991 hereditarie
655 1918 882 1994 eocedendas
900 1928 938 1991 et
954 1918 1130 1993 looandas
1146 1919 1227 1993 fore
1237 1943 1315 2017 quo
1332 1943 1399 2018 per
1416 1917 1612 2017 prudentii
1628 1916 1757 1989 viroru
1768 1928 1855 1989 cura

420 2066 615 2141 sedulitate
640 2074 680 2139 et
703 2065 869 2141 laborem
886 2067 1057 2142 colantur
1073 2065 1320 2141 meliorentur
1335 2075 1376 2139 et
1392 2065 1441 2140 ad
1458 2063 1627 2139 vberioro
1655 2060 1855 2137 fertilitatis

419 2211 565 2287 cultum
582 2212 767 2307 pduoatur
779 2212 973 2289 Noueritis
990 2214 1110 2311 igitur
1126 2237 1194 2287 nos
1208 2213 1349 2286 vnaimi
1365 2211 1541 2286 oonsensu
1558 2219 1599 2283 et
1614 2210 1755 2283 assensu
1770 2232 1856 2283 oon·

419 2368 555 2435 ventus
579 2358 692 2433 nostri
710 2358 757 2433 ad
773 2359 845 2433 hoo
861 2362 962 2458 eaplr
978 2369 1195 2458 oongregat
1213 2356 1461 2457 diligentibus
1477 2356 1698 2431 tractatibus
1715 2365 1755 2430 et
1779 2378 1857 2429 ma·

419 2504 513 2578 turis
526 2503 853 2578 deliberationibus
870 2503 1072 2602 prehabitis
1087 2504 1129 2578 in
1142 2504 1318 2577 euidente
1328 2503 1491 2579 utilitate·
1502 2504 1564 2577 ddi
1577 2503 1634 2577 dri
1646 2502 1856 2577 monasterii

419 2651 467 2724 de
483 2648 624 2723 melroll
646 2658 685 2723 et
697 2650 975 2749 augmetatione
991 2650 1143 2725 rentalis
1159 2650 1284 2725 eiusde
1307 2652 1507 2746 Necnonp
1523 2626 1634 2735 dillfis
1651 2649 1855 2749 pecuniaro

418 2797 534 2873 fumis
546 2796 654 2873 nobis
670 2826 695 2893 p
711 2796 892 2873 dilectum
910 2801 994 2873 nim
1005 2802 1029 2871 J
1030 2798 1147 2873 aeobu
1164 2798 1231 2898 gib
1243 2800 1282 2873 in
1295 2800 1551 2899 auchmelling
1568 2797 1616 2873 ad
1626 2797 1854 2897 reparatione

420 2954 458 3019 et
469 2944 742 3021 reedificatione
754 2946 892 3021 driloci
905 2945 952 3021 de
966 2946 1113 3021 melros
1124 2970 1191 3045 per
1203 2957 1349 3021 veteres
1361 2946 1486 3046 anglie
1498 2946 1678 3021 Inimioos
1690 2954 1858 3044 tempore

417 3118 553 3191 guerre
565 3094 698 3169 vltime
715 3094 823 3193 elops
841 3094 1025 3170 oombust⁴
1044 3102 1082 3167 et
1099 3094 1279 3169 destruct
1291 3096 1332 3168 in
1350 3094 1510 3193 pecunia
1525 3100 1724 3168 numerata
1740 3091 1857 3187 psolu-

418 3241 465 3311 tis
484 3240 636 3315 Dedisse
653 3240 827 3315 odeeffiffe
854 3239 1022 3315 alledalle
1049 3240 1254 3315 orrendalse
1279 3240 1409 3315 locaffe
1436 3249 1477 3314 et
1500 3238 1548 3313 ad
1571 3240 1781 3314 seodifirma
1795 3240 1856 3313 seu

418 3386 676 3485 emphiteosim
692 3388 913 3463 hereditarie
930 3388 1100 3461 dimisisse
1128 3389 1183 3461 Et
1211 3388 1281 3463 hac
1311 3388 1395 3485 ‘pnti
1419 3396 1519 3461 oarta
1534 3411 1617 3462 mea
1633 3386 1857 3462 confirmasse

419 3534 551 3609 Necno
581 3534 668 3607 dare
693 3533 893 3607 concedere
918 3534 1074 3609 assedere
1100 3534 1296 3610 arrendare
1311 3534 1433 3609 locare
1449 3542 1490 3608 et
1506 3534 1554 3609 ad
1571 3532 1781 3609 seodifirma
1794 3534 1857 3609 seu

419 3680 676 3775 emphiteosim
694 3679 915 3753 hereditarie
932 3679 1124 3755 dimittere
1149 3682 1205 3755 Et
1221 3682 1291 3755 hac
1317 3682 1400 3780 pnti
1426 3689 1526 3756 carta
1551 3683 1617 3755 dra
1641 3682 1858 3756 confirmare

418 3814 546 3925 {ldieto
562 3827 707 3901 Jacobo
731 3827 797 3927 gib
822 3826 1024 3903 heredibus
1048 3830 1122 3903 suis
1147 3837 1186 3901 et
1211 3830 1397 3927 affignatis
1414 3828 1532 3903 Totas
1557 3836 1597 3901 et
1613 3828 1779 3929 integras
1795 3829 1858 3901 sex

416 3974 585 4053 solidatas
614 3984 652 4049 et
682 3984 768 4051 outo
795 3976 1004 4051 denariatas
1030 3984 1173 4051 terraru
1191 3978 1344 4051 iirarum
1361 3976 1412 4049 de
1426 3973 1683 4076 aucbmelling
1710 3976 1858 4074 antiqui

416 4133 592 4197 extentus
610 4135 655 4199 ou
674 4126 804 4221 ptined
822 4149 915 4225 quas
933 4126 1024 4201 ddus
1041 4128 1068 4201 J
1069 4125 1207 4200 aoobus
1223 4136 1298 4199 nuo
1313 4132 1475 4221 oocupat
1491 4124 1611 4198 Jacen
1630 4124 1668 4195 in
1687 4121 1856 4195 dominio

418 4270 483 4344 sno
504 4272 552 4342 de
571 4270 773 4345 Kilismure
789 4272 887 4345 infra
904 4273 1169 4347 vicecomitatu
1184 4271 1233 4344 de
1249 4270 1304 4345 air
1321 4270 1527 4343 Extendeii
1545 4268 1710 4343 annatim
1727 4266 1769 4338 iu
1785 4267 1854 4339 iiro

415 4415 547 4487 rentali
565 4418 601 4487 in
621 4415 730 4489 firma
746 4416 793 4489 ad
810 4418 959 4491 sumam
977 4419 1039 4491 sex
1055 4419 1216 4493 solidon‘r
1233 4426 1271 4492 et
1288 4426 1374 4491 octo
1392 4418 1590 4491 denarioru
1613 4414 1663 4489 ln
1683 4413 1856 4512 arreagiis

417 4570 455 4633 et
472 4562 647 4659 eareagiis
664 4562 712 4635 ad
729 4565 750 4635 s
749 4573 837 4637 uma
853 4565 929 4637 triu
945 4563 1143 4637 denarion‘r
1158 4574 1199 4639 et
1213 4566 1255 4637 in
1271 4565 1322 4638 lie
1337 4564 1511 4664 bondage
1528 4563 1638 4637 filuer
1649 4561 1697 4635 ad
1710 4562 1858 4635 sirmam

416 4718 513 4783 noue
540 4707 737 4782 denariorfi
764 4708 899 4784 vsunlis
924 4718 1077 4785 monete
1102 4712 1210 4811 regni
1234 4712 1347 4785 scotie
1373 4709 1573 4785 Tenendas
1600 4718 1641 4783 et
1669 4706 1856 4781 habendas

417 4864 514 4931 totas
532 4864 571 4930 et
587 4858 751 4957 integras
769 4842 891 4955 Biatas
908 4858 971 4935 sex
988 4858 1159 4935 solidatas
1176 4868 1215 4933 et
1227 4867 1314 4933 octo
1330 4858 1538 4935 denariatas
1550 4865 1693 4933 terram
1706 4855 1857 4930 tratum
