4425 5842
660 945 813 1022 REGE
837 943 1102 1022 ROBERTO
1129 945 1204 1030 III.
1257 945 1533 1027 1390-1406.
1660 978 1667 992 ·

977 1203 1202 1269 ΑΒΒΑΟΙΑ.
1327 1261 1333 1272 .

375 1333 447 1404 498.
470 1329 677 1398 Confirmatio
691 1328 793 1416 Regia
807 1328 847 1393 de
861 1338 1006 1394 custuma
1018 1328 1031 1391 l
1045 1349 1206 1392 saccorum
1221 1327 1300 1392 lane.
1347 1327 1439 1415 orig.

376 1457 447 1526 494.
471 1456 660 1541 Preceptum
675 1452 774 1540 Regis
787 1451 942 1516 directum
957 1450 1137 1516 Camerario
1150 1451 1191 1516 de
1204 1450 1322 1516 eadem.
1369 1452 1462 1536 On'g.

376 1582 447 1651 495.
471 1580 570 1645 Carta
585 1578 683 1665 Regis
696 1577 805 1655 altera,
821 1576 861 1642 de
875 1576 991 1641 eadem.
1036 1578 1161 1664 Regis&
1176 1585 1286 1641 nemi.

376 1700 448 1773 496.
471 1699 679 1786 Priviiegium
694 1699 811 1788 Papale
829 1710 861 1762 et
883 1699 1033 1787 Episcopi
1061 1697 1276 1784 Glasguensis,
1300 1696 1386 1783 quod
1409 1695 1499 1760 liceat
1524 1693 1735 1760 sacerdotibus
1757 1694 1799 1758 de

375 1824 495 1890 Melros
519 1835 711 1890 sacramenta
734 1823 881 1890 exhibere
905 1821 1083 1890 monasterii
1107 1821 1312 1887 servientibus
1327 1818 1383 1907 qui
1410 1840 1474 1883 non
1496 1803 1627 1906 piissunt
1652 1817 1692 1883 de
1715 1816 1798 1882 facili

374 1946 488 2012 habere
501 1947 623 2034 copiam
638 1969 766 2012 suorum
781 1945 985 2012 sacerdotum.
1032 1947 1124 2034 Orig.

375 2070 446 2140 497.
471 2069 630 2134 Protectio
645 2068 747 2156 Regia
760 2069 921 2156 generalis.
969 2070 1061 2158 orig.

375 2193 446 2262 498·
470 2161 630 2257 Protectid
643 2191 773 2258 Henrici
788 2192 888 2280 Regis
901 2191 1029 2279 Anglie.
1075 2193 1167 2277 onfg.

1015 2438 1158 2503 KYLE.

373 2561 444 2632 499„
468 2559 673 2626 Confirmatio
687 2559 819 2626 Roberti
842 2560 932 2626 ducis
953 2560 1091 2626 Albanie
1108 2560 1347 2629 locumtenentis
1371 2561 1480 2647 Regis,
1504 2560 1544 2625 de
1557 2574 1644 2626 carta
1659 2561 1794 2627 Walteri

375 2681 540 2747 Senescnlli
555 2703 619 2768 qua
632 2681 811 2748 conceditur
826 2681 912 2769 quod
936 2703 998 2747 non
1023 2683 1063 2747 sit
1085 2683 1272 2748 monasterio
1296 2684 1330 2748 in
1350 2681 1561 2771 prejudicium
1580 2684 1613 2750 in
1634 2695 1795 2772 posterum

373 2803 458 2888 quod
472 2803 655 2869 eoncesseiit
669 2825 726 2892 per
740 2805 902 2872 biennium
916 2815 1030 2870 sectam
1044 2804 1206 2870 hominum
1221 2805 1261 2870 de
1275 2804 1360 2893 Kyle
1373 2807 1406 2871 in
1420 2805 1560 2872 exemitu
1570 2807 1678 2895 Regis.
1696 2809 1788 2896 orig.

1008 3053 1153 3119 LETH.

372 3179 443 3244 500.
468 3176 567 3241 carta
580 3176 712 3243 Roberti
729 3177 861 3263 Logane
874 3175 982 3242 militis
997 3175 1115 3243 domini
1130 3175 1171 3242 de
1185 3175 1375 3257 Lastaisike,
1391 3175 1431 3240 de
1445 3187 1627 3243 tenementa
1674 3180 1765 3266 Orig.

372 3301 443 3364 501.
468 3297 672 3364 Confirmatio
688 3295 795 3386 Regis.
842 3301 933 3388 Orig.

940 3547 1223 3614 ROKISBURO.

370 3672 441 3736 502.
466 3667 651 3759 [Cum]
687 3669 915 3734 Testimonium
940 3672 1037 3758 Regis
1061 3669 1101 3735 de
1126 3670 1317 3759 inspectione
1342 3683 1427 3736 carte
1452 3671 1612 3758 quondam
1640 3671 1792 3736 Willeimi

370 3791 490 3856 comitis
504 3790 544 3855 de
560 3791 713 3877 Douglos,
729 3791 769 3856 de
779 3792 853 3879 jure
867 3804 1052 3879 patronatus
1065 3794 1200 3859 ecclesie.
1247 3794 1337 3880 Orig.

370 3913 441 3978 503.
467 3913 713 3977 Instrumentum
729 3913 770 3978 de
784 3911 1014 3980 confirmatione
1030 3915 1150 4002 Papaii.
1197 3918 1289 4004 Orig.

369 4037 441 4102 504.
465 4037 562 4101 Carta
577 4037 689 4102 Jacobi
704 4039 818 4102 Fraser
832 4037 871 4102 de
887 4038 1096 4118 Ferendrach,
1121 4037 1161 4102 de
1172 4050 1254 4104 term
1267 4038 1307 4103 de
1323 4038 1532 4103 Cambestoun
1549 4037 1579 4103 in
1602 4037 1730 4103 baronia
1751 4039 1791 4104 de

369 4158 564 4246 Lossidwyn.
610 4161 702 4246 Orig.
1186 4165 1194 4176 ’

368 4287 439 4350 505.
463 4280 670 4368 Obligacioun
686 4281 726 4348 be
741 4281 942 4348 Archebalde
957 4284 1131 4351 M‘Dowell
1146 4284 1195 4349 ior
1216 4283 1288 4348 four
1303 4283 1394 4348 skore
1407 4283 1470 4348 and
1485 4294 1537 4349 ten
1553 4283 1789 4371 pundbeeause

369 4405 404 4470 oi
412 4405 461 4470 his
476 4404 581 4470 releiie
594 4404 631 4469 oi
652 4404 701 4470 his
726 4404 816 4493 place
829 4402 866 4468 os
878 4403 1086 4486 Maikarston,
1112 4406 1258 4492 grantide
1282 4418 1315 4471 to
1339 4404 1393 4470 the
1414 4427 1480 4470 new
1495 4405 1596 4471 werke
1609 4405 1647 4471 oi
1658 4407 1788 4474 Melms„

371 4528 458 4592 Ο’.

370 4551 453 4716 5005
472 4637 570 4716 Ca'rta
599 4650 729 4737 Georgii
753 4649 875 4716 comitis
898 4649 1041 4716 Marchie
1062 4651 1103 4717 de
1124 4663 1191 4718 toto
1211 4651 1304 4717 bosco
1325 4674 1420 4740 super
1447 4653 1600 4719 territoiio
1622 4665 1732 4720 vocato
1759 4655 1789 4718 le

373 4770 615 4884 Syroulesieilde.
662 4774 753 4860 Orig.
