4425 5842
387 471 473 554 Μ,
737 462 1094 548 MUNIMENTA
1120 467 1200 548 DE
1226 464 1466 546 MELROS.
1600 527 1604 535 .
1632 485 1829 552 suc-xm

391 696 480 761 eorr'r
504 692 716 762 actornatus
730 727 739 748 ·
753 685 821 762 dia
836 686 964 763 debita
989 687 1059 762 sibi
1071 687 1158 762 debi
1173 688 1221 762 ab
1237 685 1352 762 eiidm
1362 685 1657 762 Racionabiliter
1668 685 1827 786 probare

390 804 536 930 potunt
552 836 594 906 ul
617 833 756 931 poterit
781 856 905 912 coram
930 835 983 908 eis
1007 842 1080 930 put
1104 833 1247 909 iustum
1272 809 1350 907 silit
1372 831 1623 932 compellant·
1637 831 1692 906 ita
1706 861 1741 934 q,
1755 855 1825 931 pro

392 977 547 1055 eon'adm
570 978 720 1055 defectu
744 979 907 1080 amplius
931 980 1021 1055 inde
1044 980 1180 1056 iustam
1204 979 1479 1080 querimoniam
1505 1001 1583 1054 non
1600 978 1824 1057 audiamus}

394 1125 644 1201 Conceffimus
671 1127 784 1202 etiam
813 1127 949 1204 eisdem
974 1127 1121 1206 Abbati
1142 1135 1183 1202 et
1208 1128 1417 1204 conuentui
1444 1126 1599 1225 ‘dntibus
1623 1134 1663 1201 et
1688 1125 1828 1200 suturis

394 1273 637 1348 medietatem
661 1274 848 1373 integram
878 1275 999 1353 tocius
1028 1297 1125 1374 pene
1152 1297 1222 1348 nos
1251 1274 1528 1372 contingentis·
1543 1282 1582 1348 et
1610 1273 1830 1372 contingere

396 1417 567 1493 debentis
593 1421 739 1494 racione
762 1420 972 1497 infrieeonis
1002 1420 1229 1519 proteodtnis
1257 1421 1324 1494 irre
1351 1420 1501 1495 addicte
1514 1460 1523 1481 ·
1538 1421 1718 1520 quociens
1743 1442 1831 1497 oon·

397 1549 490 1666 tigit
513 1566 752 1665 imppetuum
767 1609 775 1627 ·
791 1567 918 1654 Quare
935 1566 1155 1665 Justiciarijs
1178 1565 1462 1641 vicecomitibus
1486 1575 1526 1640 et
1550 1565 1726 1642 omnibus
1748 1563 1833 1640 aliis

399 1712 551 1786 minist's
577 1714 651 1787 iris
676 1737 725 1788 ex
749 1722 865 1813 vtraq„
886 1722 992 1813 parte
1013 1737 1113 1814 aque
1138 1713 1187 1788 de
1212 1713 1327 1788 ffortb
1343 1756 1351 1777 ·
1368 1715 1437 1813 qui
1460 1737 1529 1813 pro
1552 1721 1678 1810 tempe
1702 1689 1831 1788 rilint·

400 1883 442 1933 ac
466 1859 642 1939 omnibus
666 1861 844 1936 ministris
870 1873 909 1954 et
932 1859 1116 1959 officiarijs
1144 1870 1321 1956 ptotum
1349 1861 1534 1960 Regnum
1563 1861 1647 1936 nim
1679 1860 1808 1935 Scoeie
1821 1861 1840 1922 ι’

400 2030 599 2106 quacumq3
614 2006 807 2106 regalitate
823 2007 1077 2107 gaudentibus
1092 2051 1101 2070 ·
1116 2016 1247 2082 tenore
1263 2008 1455 2107 presencia
1471 1980 1597 2082 firmil
1606 2007 1834 2107 precipimus

401 2164 440 2232 et
456 2155 678 2230 mandamus
694 2159 705 2231 ξ
721 2156 902 2253 quatinus
926 2155 1036 2230 dictis
1056 2154 1203 2230 Abbati
1228 2164 1268 2228 et
1292 2155 1499 2230 conuentui
1523 2153 1678 2231 et'eon'r
1702 2147 1837 2230 succes·
1903 2139 1912 2144 ⁴
1943 2128 1957 2151 l

402 2300 544 2378 foribus
577 2303 776 2402 imppetur'r
794 2341 803 2364 ·
821 2303 932 2376 iuxta
963 2301 1229 2376 concellionem
1262 2303 1369 2375 iiram
1407 2302 1564 2376 auduom
1582 2343 1592 2366 ·
1610 2302 1659 2376 de
1691 2303 1839 2401 integra

403 2449 605 2524 medietate
633 2471 730 2546 pene
754 2457 800 2522 ut
828 2448 1000 2547 predicit²
1029 2449 1208 2547 quociens
1236 2433 1403 2550 contigit
1431 2457 1472 2523 et
1496 2476 1523 2544 p
1547 2449 1644 2548 ipsos
1672 2449 1839 2548 requifiti

403 2593 545 2680 fuerint
567 2593 705 2669 faciant
729 2605 903 2693 prompte
921 2593 1179 2693 Responderi}
1195 2595 1267 2668 sub
1291 2618 1388 2693 pena
1415 2597 1495 2669 oim
1520 2618 1597 2693 que
1621 2619 1709 2694 erga
1733 2595 1851 2670 isram.

404 2741 569 2840 Regiam
587 2741 815 2814 maiestatem
838 2713 972 2816 amitte
996 2715 1138 2840 poRmt
1161 2765 1318 2841 quoquo
1340 2741 1481 2817 modo!
1501 2742 1549 2816 In
1567 2742 1661 2817 cuir
1678 2741 1754 2818 Rei
1772 2745 1852 2818 tes-³

405 2889 568 2967 timonio
586 2887 650 2962 has
667 2859 770 2962 litPas
786 2888 925 2962 nostras
949 2911 1063 2986 penes
1089 2889 1209 2962 dictos
1225 2887 1399 2962 abbatem
1417 2897 1456 2962 et
1471 2897 1679 2964 conantum
1696 2897 1736 2962 et
1751 2901 1849 2966 eon'a

406 3036 619 3112 succeffores
645 3036 843 3133 imppetuu
868 3036 1098 3110 remansuras
1123 3034 1195 3108 sibi
1219 3034 1300 3108 lieri
1324 3034 1482 3110 lecimus
1511 3045 1681 3135 patentes
1695 3079 1705 3098 ·
1721 3036 1843 3134 Apud

407 3179 674 3282 Edynburglr·
692 3189 827 3280 quarto
860 3181 923 3256 die
958 3178 1092 3258 mensis
1125 3178 1273 3278 Aprilis
1287 3220 1298 3244 ·
1313 3181 1435 3256 Anno
1467 3181 1596 3282 Regni
1623 3181 1738 3257 nostri
1763 3183 1850 3271 Dea·

409 3352 532 3411 Cimo·
1849 3345 1856 3361 ⁸

410 3627 557 3728 pteccio
572 3633 713 3726 ppetuu
729 3653 756 3721 p
777 3626 887 3700 Abba
904 3636 943 3702 et
960 3627 1139 3704 Cauentu
1155 3625 1204 3701 de
1221 3625 1383 3713 melros·

414 3903 616 4000 Robertus
633 3920 695 3994 dei
711 3919 832 4018 gratia
849 3919 938 3995 Rex
957 3919 1136 4009 Scotton·
1152 3917 1343 3994 Omnibus
1367 3917 1493 4017 probis
1515 3916 1708 4016 hominib3
1726 3923 1848 3996 tocius

413 4041 473 4142 be
489 4069 553 4144 sue
570 4067 689 4150 ,Saltm
705 4107 713 4128 ·
731 4066 862 4143 Sciatis
887 4089 954 4140 nos
971 4065 1180 4164 Religiosos
1196 4065 1318 4138 viros·
1334 4065 1463 4139 Abbm
1480 4074 1520 4141 et
1536 4067 1783 4142 conuentum
1801 4067 1849 4140 dc

414 4214 553 4301 melros
569 4241 578 4289 r
592 4185 669 4288 iras
695 4214 777 4288 suas
792 4239 805 4286 r
821 4211 991 4286 homines
1020 4212 1105 4291 suos
1120 4253 1130 4272 ·
1144 4222 1184 4286 et
1210 4187 1356 4286 millias
1385 4210 1526 4303 eopdm
1554 4211 1782 4310 policlfiones
1808 4237 1854 4286 ac

414 4363 514 4438 offria
531 4361 628 4436 bona
645 4360 709 4434 sua
724 4386 738 4432 r
751 4358 899 4436 mobilia
914 4367 955 4432 et
969 4357 1179 4433 immobilia
1195 4367 1272 4433 tarn
1290 4358 1456 4434 ecc¹stica
1480 4360 1561 4456 q‘m
1578 4358 1766 4435 mundana
1780 4359 1854 4433 snb

412 4511 521 4584 firma
538 4530 629 4607 pace
646 4516 686 4582 et
702 4505 936 4605 protectione
953 4507 1018 4580 bra
1043 4504 1139 4580 iuste
1163 4488 1353 4603 suscepiffe
1367 4539 1379 4577 ι
1394 4505 1523 4594 Quare
1539 4480 1665 4578 firmil
1681 4504 1855 4603 probibe-

412 4680 499 4732 mus
515 4677 563 4729 ne
580 4653 666 4752 quis
682 4653 735 4728 eis
760 4651 929 4727 malum·
945 4651 1146 4729 molestiam
1170 4652 1347 4727 iniuriam
1372 4675 1438 4728 seu
1463 4653 1645 4752 g‘uamen
1671 4649 1774 4750 aliqd
1797 4652 1855 4724 in·

410 4802 504 4886 farre
526 4785 677 4900 Bsumut
693 4797 829 4876 iniuste
847 4821 918 4896 sup
943 4798 1049 4874 inam
1074 4795 1279 4897 plenariam
1292 4796 1581 4876 'forisfacturam
1596 4832 1609 4870 ι
1625 4794 1855 4875 Conceffim9

394 5155 414 5242 l
