4425 5842
378 556 474 614 unc.
488 559 595 614 mnu.
740 537 1097 616 MUNIMENTA
1123 537 1203 614 DE
1229 537 1472 616 MELROS.
1715 537 1820 620 -647

379 758 491 835 Tunc
506 765 546 833 et
562 782 606 834 eo
622 760 706 834 casu
723 759 791 858 1‘3ns
806 759 1091 836 infeofam'etum
1108 759 1249 834 nullius
1266 760 1338 834 erit
1352 760 1495 835 roboris
1506 757 1642 834 valoris
1654 757 1817 834 efficocie

377 929 447 979 nec
476 903 633 980 effectus
665 905 741 979 Sed
769 905 918 981 licitum
947 907 1019 980 erit
1043 904 1154 981 nobis
1178 914 1218 979 et
1242 907 1318 981 liris
1341 903 1602 982 succefforibus
1618 905 1818 980 antedictis

378 1054 552 1152 deinceps
569 1054 679 1152 super
695 1053 872 1152 predictis
887 1025 962 1128 iris
977 1055 1026 1129 ad
1043 1057 1109 1128 irre
1124 1053 1278 1128 libitum
1294 1053 1500 1129 voluntatis
1524 1053 1717 1153 disponere
1743 1061 1817 1152 atq,

377 1201 419 1274 in
446 1199 596 1274 defectu
625 1207 670 1272 ut
696 1185 862 1298 {ldieitur
877 1200 1070 1276 solutionis
1090 1199 1277 1276 dictarum
1301 1200 1560 1276 feudifirmarr'r
1585 1201 1818 1274 terminatim

378 1357 444 1420 aut
459 1345 556 1419 infra
573 1345 821 1444 quadraginta
837 1347 916 1422 dies
932 1347 1014 1447 post
1031 1358 1220 1448 vnr'rqueq,
1235 1321 1369 1423 lminr'r
1392 1345 1520 1422 licebit
1545 1345 1652 1420 nobis
1677 1356 1717 1420 et
1742 1345 1816 1419 iiris

377 1491 632 1568 successoribus
658 1493 750 1567 dicti
780 1495 875 1569 morii
906 1495 955 1570 de
981 1495 1124 1570 melroll
1153 1495 1353 1569 abbatibus
1377 1495 1442 1569 seu
1466 1493 1750 1568 comendatariis
1779 1499 1819 1565 et

374 1639 577 1740 puentibus
605 1641 728 1715 ririsue
756 1643 965 1716 camerariis
989 1649 1056 1716 aut
1079 1641 1285 1716 factoribus
1310 1665 1379 1740 pro
1400 1640 1508 1715 bmoi
1524 1639 1644 1714 firmis
1660 1650 1819 1738 quecfiffi

377 1787 475 1860 bona
491 1795 530 1860 et
545 1811 603 1862 res
620 1789 730 1887 super
746 1776 861 1887 illatis
876 1761 950 1862 iris
965 1817 993 1884 p
1009 1796 1180 1888 tempore
1204 1790 1346 1863 existed
1371 1786 1448 1862 fine
1464 1787 1602 1887 quouis
1626 1785 1750 1880 pcefl'u
1769 1784 1817 1857 ad

377 1935 442 2008 bre
458 1933 571 2008 libitr‘r
589 1933 794 2010 voluntatis
811 1958 962 2010 nomare
978 1944 1018 2010 et
1035 1934 1255 2035 distringere
1270 1935 1326 2009 Et
1343 1959 1411 2008 nos
1427 1958 1518 2008 uero
1535 1933 1597 2007 dci
1614 1931 1815 2007 comenda-

378 2081 494 2155 tarius
509 2091 549 2156 et
562 2091 727 2182 puentus
745 2083 837 2182 firiffi
852 2082 1065 2158 succellores
1082 2084 1261 2158 antedicti
1278 2083 1394 2158 Totas
1418 2091 1460 2157 et
1483 2082 1648 2181 integras
1672 2065 1818 2178 {idiotas

376 2228 441 2302 sex
473 2228 641 2304 solidatas
671 2239 710 2302 et
739 2238 824 2304 octo
853 2231 1059 2304 denariatas
1089 2207 1200 2302 5[ban]
1228 2231 1381 2301 brorum
1410 2230 1459 2302 de
1484 2227 1740 2327 aucbmelling
1769 2239 1816 2302 cd

378 2377 507 2470 ptineb
536 2363 656 2474 [ldice
672 2377 700 2452 J
701 2377 816 2452 acobo
842 2377 908 2476 gib
938 2375 1138 2451 heredibus
1162 2374 1236 2450 suis
1261 2381 1301 2448 et
1315 2374 1501 2473 affignatis
1517 2375 1557 2448 in
1574 2375 1724 2450 omibus
1740 2385 1820 2470 etp

377 2524 477 2596 omia
492 2522 614 2598 formo
629 2525 726 2620 piter
742 2535 781 2600 et
798 2523 936 2600 effectu
953 2532 999 2596 ut
1014 2510 1159 2621 [lmiffo
1175 2521 1228 2596 est
1250 2529 1354 2597 cotra
1377 2544 1510 2596 omnes
1534 2522 1710 2596 mortales
1728 2547 1820 2596 war-

376 2667 599 2742 atizabimus
626 2670 923 2769 acquietabimus
951 2678 991 2743 et
1018 2670 1220 2769 imppetur'r
1250 2667 1496 2744 defendemus
1532 2668 1581 2742 In
1599 2669 1720 2745 Cuius
1743 2669 1819 2745 Rei

380 2815 593 2890 testimonio
610 2813 731 2913 sigillo
748 2819 814 2889 cde
831 2815 986 2915 capituli
1003 2816 1063 2889 dei
1081 2815 1292 2914 monasterij
1311 2826 1433 2891 vuucri
1451 2817 1527 2890 iiris
1544 2815 1819 2916 subscriptioni-

377 2962 448 3036 bus
465 2960 704 3035 manualibus
720 2961 874 3059 pntibus
891 2960 944 3035 est
960 2962 1136 3060 appesum
1164 2962 1286 3061 Apud
1308 2963 1371 3038 ide
1394 2963 1622 3038 monasteriii
1637 2963 1819 3062 vigefimo

377 3108 439 3182 die
456 3107 589 3183 menfis
613 3106 786 3205 februarij
816 3107 935 3182 Anno
964 3109 1029 3183 ddi
1057 3109 1218 3184 millimo
1238 3112 1512 3210 quigentefimo
1529 3109 1818 3213 quiquagelimo

378 3256 528 3344 Quinto
545 3297 555 3318 ·
1366 3287 1369 3293 ·

601 3403 828 3480 Rentalotur
843 3404 964 3480 dictus
980 3405 1009 3479 J
1009 3404 1146 3482 ccobus
1161 3407 1202 3481 in
1219 3407 1329 3482 dictis
1346 3407 1455 3482 terris
1471 3446 1481 3467 ·
1601 3491 1604 3494 ,

1550 3553 1575 3628 J
1578 3551 1786 3629 obnestoun
1803 3593 1814 3614 ·

377 3843 599 3918 Protestatio
615 3843 663 3918 de
679 3842 828 3942 pastura
844 3842 943 3917 inter
960 3842 1057 3917 Gala
1072 3853 1112 3917 et
1128 3843 1277 3917 Ledre·

266 4133 331 4200 606
380 4115 432 4211 ln
445 4133 524 4208 Dei
534 4133 701 4210 Nomine
712 4135 905 4233 Ameper
916 4133 988 4208 hoc
998 4134 1066 4232 jins
1076 4144 1190 4233 pueum
1200 4132 1339 4209 Instim
1351 4134 1509 4210 Cunctis
1520 4141 1650 4235 pateat
1664 4137 1820 4212 euiden-

378 4290 436 4356 ter
447 4308 474 4380 q
486 4281 606 4358 Anno
624 4282 773 4357 Incarus
784 4281 912 4357 Dirioe
923 4279 1126 4356 Millesrmo
1136 4281 1411 4382 quigentefimo
1422 4283 1708 4384 quiquagelimo
1719 4309 1821 4359 nono

381 4434 494 4501 mend
508 4452 598 4504 vero
614 4429 723 4528 Junij
741 4428 943 4505 vndecimo
968 4425 1076 4503 Ind¹¹0
1094 4429 1256 4504 secunda
1279 4428 1394 4504 Pon‘9
1420 4429 1644 4508 Sanctiffimi
1670 4432 1718 4504 In
1743 4433 1822 4529 xpo

378 4575 455 4672 jiris
471 4584 511 4648 et
527 4573 593 4649 dni
611 4577 669 4651 dri
685 4576 751 4650 diri
767 4575 880 4652 Pauli
894 4574 1001 4652 diuia
1016 4575 1225 4675 prouiden‘
1235 4577 1344 4676 Pape
1359 4579 1486 4677 quarti
1503 4578 1625 4653 Anno
1641 4587 1752 4678 quito
1771 4578 1820 4652 In

378 4745 464 4798 mea
479 4731 518 4796 et
534 4721 642 4798 cestio
659 4723 950 4824 subscriptorum
966 4724 1074 4822 pincia
1088 4723 1339 4800 Personaliter
1351 4724 1518 4801 costituti
1533 4725 1746 4823 Religiosus
1762 4723 1822 4794 vir

382 4867 589 4971 Dompnus
613 4869 843 4971 Radulphus
861 4871 1051 4949 Hudsoub
1070 4871 1174 4969 prior
1197 4869 1407 4946 coustualis
1431 4869 1612 4945 melrosed
1638 4869 1687 4943 In
1712 4867 1821 4964 pacis
