4425 5842
1098 543 1130 622 x

992 746 1234 816 DUMFRES.

401 873 473 937 484.
498 868 751 959 [Ninnsnntn]
775 868 980 936 Confirmatio
1001 869 1104 956 Regin
1128 883 1212 936 nette
1236 869 1369 936 Roberti
1386 872 1413 934 1.
1439 871 1539 958 Regis
1561 871 1602 936 de
1624 872 1825 940 libertatibus

401 1006 567 1074 terrarum,
584 995 625 1060 N.
641 998 715 1065 375.
763 996 855 1081 θήρ.

402 1121 474 1182 485.
499 1120 749 1183 Instrumentnm
765 1116 805 1181 de
818 1117 1044 1204 approbatione
1058 1131 1088 1182 et
1104 1114 1324 1182 ratihabitione
1336 1114 1477 1203 ejusdem
1491 1117 1645 1204 privilegii
1660 1118 1701 1185 ab
1713 1119 1827 1184 Archi·

400 1238 495 1304 baldo
510 1239 550 1305 de
565 1239 709 1326 Douglos
724 1240 862 1305 Domino
878 1239 1041 1305 Galwidie.
1087 1241 1179 1327 Orig.

955 1478 1257 1543 EDINBURGH.

402 1607 498 1669 Carta
512 1603 612 1692 Regis
625 1625 689 1690 qua
703 1603 904 1668 confirmetur
918 1602 1138 1690 impignoratio
1163 1602 1328 1668 tenementi
1351 1603 1384 1666 in
1404 1601 1478 1666 vitta
1492 1600 1532 1667 de
1545 1602 1761 1690 Edynburgh,
1784 1605 1825 1670 ab

400 1727 475 1792 Ada
491 1727 599 1792 Thone
612 1729 761 1814 burgensi
786 1726 869 1793 seete
893 1726 1079 1792 monasterio
1093 1729 1116 1791 4
1130 1726 1276 1791 Octobris
1290 1725 1535 1813 1878‚-npud
1557 1726 1760 1813 Edynbnrgh
1782 1727 1827 1793 96

398 1848 450 1913 die
465 1849 655 1916 Novembris
668 1871 750 1914 anno
765 1848 854 1936 regni
868 1847 997 1914 decimo.
1044 1850 1136 1936 Orig.
1145 1869 1243 1935 penes
1256 1849 1300 1912 D.
1317 1850 1428 1936 Laing
1438 1869 1496 1916 too.
1512 1849 1616 1914 Boon.
1631 1873 1652 1914 a
1667 1853 1798 1916 secreto

1042 2096 1182 2160 FYFE.

402 2217 473 2283 486.
499 2221 595 2283 Canta
610 2215 766 2280 Johannis
780 2215 820 2279 de
835 2215 974 2280 Boseuill
988 2214 1063 2281 data
1076 2218 1100 2281 J
1101 2215 1217 2280 ohanni
1231 2214 1271 2279 de
1282 2216 1427 2300 Wemyn,
1442 2214 1483 2279 de
1496 2213 1587 2280 terris
1601 2213 1641 2278 de
1651 2213 1825 2301 Mirmmyt

399 2340 428 2402 ie
443 2340 541 2419 Rath,
558 2338 745 2426 Glenyston‚
761 2337 928 2424 Polgulde,
945 2336 1060 2402 Nethir
1075 2338 1257 2404 Cambroun
1272 2347 1304 2402 et
1318 2337 1359 2400 de
1374 2335 1534 2404 Methkitl.
1580 2339 1672 2423 Orig.

956 2581 1259 2646 HADINGTON.

398 2709 470 2774 487.
495 2703 700 2769 Confirmatio
714 2705 737 2768 J
738 2702 868 2767 ohannis
882 2701 923 2767 de
937 2703 1072 2789 Wemys
1085 2700 1205 2781 militie,
1220 2700 1261 2768 de
1275 2701 1412 2766 tetrade
1427 2701 1607 2790 Kingissete
1620 2704 1652 2768 in
1668 2704 1826 2770 territorio

397 2829 437 2894 de
453 2827 614 2907 Penschel,
630 2847 727 2914 quem
740 2825 926 2892 monasterio
940 2824 1027 2890 dedit
1042 2827 1201 2893 Henricns
1215 2826 1255 2892 de
1271 2826 1406 2892 Beltouo
1461 2829 1583 2916 Regiot.
1599 2840 1708 2895 recent.

1020 3073 1203 3138 PERTH.

398 3201 470 3263 488.
495 3195 768 3264 Carte‘Malooimi
783 3194 825 3260 de
838 3196 913 3282 Lyn
935 3195 1100 3282 burgensis
1122 3195 1164 3260 de
1186 3195 1295 3274 Perti,
1319 3195 1359 3260 de
1384 3197 1520 3261 terrain
1547 3198 1657 3285 borgo.
1704 3202 1826 3287 Region.

398 3329 507 3384 recent.

967 3564 1250 3630 ROKISBURC.

399 3688 471 3756 489.
495 3681 678 3772 [civeis]
702 3683 907 3749 Confirmatio
922 3685 1025 3771 Regia
1038 3697 1123 3750 carte
1138 3687 1239 3772 Regin
1254 3685 1360 3752 David
1377 3689 1425 3754 11.
1447 3691 1489 3755 N.
1507 3690 1580 3757 465.
1627 3695 1717 3778 Orig.

400 3811 471 3878 490.
495 3806 699 3872 Confirmatio
711 3805 814 3892 Regin
827 3819 911 3870 carte
922 3805 1077 3870 willelmi
1088 3807 1210 3872 comitis
1220 3807 1260 3872 de
1273 3809 1415 3896 Douglns
1430 3809 1471 3875 de
1485 3813 1575 3876 terris
1590 3813 1631 3878 de
1643 3816 1826 3900 Penengns-

398 3933 478 4020 hope
501 3942 533 3995 et
558 3929 729 3996 Caldclnch
754 3927 903 4009 inietiori,
927 3929 1009 3996 datis
1034 3931 1231 4012 monasterio,
1259 3955 1318 4021 pro
1344 3934 1448 4000 anime
1463 3936 1593 4000 Domini
1608 3937 1762 4003 Willelmi
1786 3939 1827 4002 de

399 4057 543 4143 Dougles
571 4053 611 4119 de
635 4053 803 4118 Loudonie
828 4053 934 4119 militis
958 4055 1048 4142 cujus
1069 4077 1184 4142 eorpus
1206 4069 1278 4122 ante
1303 4058 1401 4122 altore
1425 4058 1513 4123 beate
1539 4059 1670 4147 Brigide
1696 4062 1824 4148 virginis

397 4177 571 4264 requiescit.
616 4177 740 4263 Regini.
757 4185 865 4241 recent.

400 4302 472 4371 491.
496 4297 702 4363 Confirmatio
712 4296 829 4362 iacobi
844 4296 977 4362 Comitis
990 4297 1030 4362 de
1045 4297 1190 4386 Douglns
1203 4297 1245 4365 de
1257 4299 1461 4368 &venatione
1474 4301 1608 4367 ecclesie.
1656 4306 1750 4392 θὴς.

399 4425 471 4495 492.
495 4423 592 4488 carta
605 4419 705 4508 Regis
718 4417 792 4485 deta
802 4421 825 4483 J
826 4419 942 4485 ohanni
957 4420 998 4486 de
1006 4420 1146 4488 Chattov
1160 4421 1201 4488 de
1214 4422 1316 4505 terrie,
1328 4448 1391 4512 que
1404 4425 1534 4492 fuerunt
1546 4426 1676 4492 Ricnrdi
1693 4475 1826 4492 ......

397 4565 478 4630 ques
493 4542 593 4608 tenuit
607 4541 647 4606 de
661 4540 858 4607 monasterio.
905 4543 996 4628 θήρ.
