4425 5842
437 506 511 582 478
784 503 1140 584 MUNIMENTA
1163 503 1245 582 DE
1270 503 1512 584 MELROS.
1677 524 1763 582 auc.
1780 525 1873 584 xrv.

438 720 715 801 Testimonium
731 725 779 802 de
794 725 1022 828 inspectione
1039 729 1152 806 Certe
1167 728 1216 805 de
1233 728 1410 805 cauera-

328 1014 393 1078 502
441 993 641 1090 Robertus
669 1017 732 1092 dei
760 1019 883 1116 gracia
898 1018 987 1094 Rex
1005 1019 1162 1095 Sootorb
1186 1017 1335 1096 omibus
1356 1016 1485 1118 probis
1512 1016 1691 1093 homibus
1720 1018 1797 1093 suia
1821 1017 1873 1093 ud

438 1171 561 1257 quorr'r
588 1163 767 1238 noticiam
795 1165 902 1262 putes
928 1165 1053 1240 littere
1085 1167 1326 1264 peruenerint
1360 1158 1687 1241 Salutem0Vobir
1720 1163 1872 1239 Notum

437 1305 594 1381 facimus
609 1331 636 1406 q
652 1307 871 1384 venerabilis
882 1317 988 1410 pater
999 1311 1132 1387 Dauid
1145 1310 1278 1386 Abbaa
1289 1309 1499 1406 monasterij
1516 1309 1566 1384 de
1578 1307 1718 1396 melros
1729 1309 1874 1387 ordinis

438 1452 637 1528 Cisteroieii
655 1455 845 1556 Glasgueii
873 1456 972 1533 dioc*
998 1457 1040 1532 in
1068 1458 1178 1556 pnoia
1199 1457 1393 1556 plurimou
1416 1456 1465 1530 de
1489 1457 1557 1530 aro
1580 1453 1731 1530 oonsilio
1747 1455 1871 1531 Nobis

437 1597 613 1674 exhibuit
640 1600 819 1700 quasdam
846 1605 918 1678 baa
946 1602 1078 1702 quood
1104 1602 1240 1678 nobilia
1266 1602 1446 1677 memorie
1462 1599 1620 1678 Willmi
1637 1599 1799 1676 Comitio
1822 1601 1873 1675 de

438 1743 622 1846 Dowglaa
639 1763 666 1822 a
682 1748 731 1824 de
743 1771 863 1822 marre
875 1771 918 1822 ao
930 1747 1071 1847 dominj
1083 1749 1245 1824 Beronie
1257 1746 1306 1823 de
1316 1747 1484 1846 Cauerya
1495 1746 1618 1822 framis
1631 1745 1690 1820 iiri
1701 1745 1872 1821 mriffimi

438 1892 505 1966 suo
533 1890 653 1993 tigillo
678 1891 851 1994 sigillatas
879 1916 957 1969 non
973 1893 1088 1970 Rasna
1115 1904 1167 1967 no
1192 1892 1347 1968 abolitae
1367 1893 1437 1968 seu
1465 1890 1684 1968 oenoellataa
1701 1891 1777 1968 Sed
1793 1893 1872 1979 omi

437 2003 584 2137 prorsus
600 2039 699 2114 vicio
716 2039 945 2139 aruspieone
969 2046 1133 2114 carentes
1157 2061 1253 2139 quas
1267 2037 1452 2113 vium
1472 2059 1538 2136 per
1560 2037 1758 2112 saraam
1785 2041 1871 2114 nem

437 2183 479 2258 in
503 2185 611 2284 pincia
635 2185 727 2261 dieti
751 2185 891 2262 oonfilii
916 2187 974 2260 dri
997 2185 1140 2285 perlegi
1155 2185 1486 2272 fecimus-Quare
1502 2184 1629 2259 Teuor
1644 2184 1816 2283 sequitur
1830 2184 1871 2258 iu

437 2330 508 2406 bec
523 2331 636 2405 verba
648 2331 859 2406 1Vniuers1s
874 2332 940 2430 xiii
956 2331 1133 2407 fidelibus
1149 2331 1275 2429 pntib3
1293 2347 1320 2403 t
1335 2329 1476 2405 futuris
1499 2329 1569 2405 Ad
1584 2353 1682 2429 quos
1704 2345 1732 2406 a
1749 2339 1871 2429 quoru

438 2478 577 2552 noticia
592 2478 700 2576 putea
715 2481 770 2552 tre
779 2483 996 2578 pemenerit
1008 2477 1229 2553 Willelmua
1242 2477 1379 2552 Cornea
1391 2476 1440 2551 de
1452 2474 1638 2577 Dowglaa
1650 2491 1677 2551 a
1690 2477 1739 2552 de
1750 2499 1871 2550 marre

437 2645 480 2698 ao
496 2622 567 2698 diis
583 2623 743 2698 Baronie
759 2622 807 2698 de
824 2624 992 2723 Cauerys
1018 2622 1189 2701 Salutem
1213 2624 1255 2697 in
1278 2623 1356 2698 diro
1379 2621 1737 2721 sempiternarum
1759 2621 1870 2719 pium

437 2769 490 2845 eo
507 2783 535 2845 *t
550 2770 743 2848 meritorio
759 2771 974 2846 testimonib
989 2769 1186 2870 perhibere
1200 2769 1354 2844 veritati
1368 2767 1475 2844 Hine
1500 2769 1556 2844 est
1570 2792 1597 2867 p
1609 2767 1694 2845 Noa
1709 2765 1870 2842 deelara-

436 2939 523 2992 mus
538 2939 608 3016 pro
623 2917 782 2993 veritate
797 2942 841 2994 ao
856 2915 1079 3017 profitemur
1094 2915 1290 2994 Abbatem
1305 2923 1347 2990 et
1363 2913 1567 2990 Conuentb
1590 2913 1796 3013 nonastertj
1822 2913 1872 2989 da

437 3063 566 3142 melros
590 3088 697 3139 veros
722 3064 791 3139 effe
814 3073 991 3165 patronos
1015 3063 1128 3139 eoolie
1151 3060 1338 3162 paroohial
1353 3061 1403 3136 de
1420 3067 1562 3160 magna
1580 3060 1749 3161 Cauerya
1769 3060 1872 3138 illius

437 3211 549 3288 eoolie
565 3210 769 3310 Coppellap
793 3235 836 3286 ao
860 3213 938 3285 oim
964 3210 1012 3286 de
1034 3210 1134 3285 facto
1157 3209 1235 3284 fiue
1258 3209 1307 3284 de
1322 3208 1419 3284 Jure
1441 3208 1504 3283 eid
1525 3196 1690 3284 eoie‘seu
1707 3207 1871 3307 Capellia

437 3357 669 3455 pertinenoir'r
697 3381 746 3432 ex
775 3357 937 3432 donaeoe
964 3358 1031 3430 iira
1056 3362 1172 3454 prout
1189 3357 1303 3430 Carte
1331 3357 1398 3429 ire
1426 3354 1564 3429 eiliiem
1586 3352 1677 3428 inde
1700 3353 1872 3430 conferte

438 3503 585 3602 plenius
602 3503 785 3577 testantur
798 3525 842 3576 eo
857 3502 896 3576 in
913 3500 1123 3601 poffeflione
1139 3505 1182 3577 be
1199 3500 1357 3599 putandi
1372 3501 1463 3576 Jam
1479 3499 1569 3574 bina
1582 3499 1667 3575 vioe
1687 3522 1759 3574 neo
1772 3497 1870 3574 velit

437 3649 572 3748 aliquia
588 3651 695 3724 sanus
711 3658 838 3724 mente
855 3648 977 3723 dicere
1001 3649 1065 3722 stru
1090 3646 1255 3746 proferre
1270 3673 1297 3745 q
1312 3647 1396 3723 Noa
1411 3646 1546 3722 vltime
1568 3644 1755 3748 'pntaoionj
1780 3653 1871 3722 eoru

439 3795 720 3896 Impedimento
736 3796 799 3869 seu
816 3768 1055 3894 inPrupeoem
1072 3793 1270 3869 emamus
1284 3791 1408 3868 -cum
1432 3816 1511 3868 non
1534 3793 1581 3868 fit
1602 3793 1682 3868 aa.
1697 3791 1801 3882 oua
1824 3792 1873 3868 aa

438 3943 675 4044 Requestum
691 3948 777 4018 nim
791 3983 800 4004 ·
816 3942 993 4044 magister
1010 3938 1230 4019 Alexander
1245 3940 1294 4016 de
1311 3940 1434 4016 Caroir
1449 3939 1498 4014 ad
1517 3939 1619 4015 dieta
1634 3941 1790 4016 eooliam
1804 3963 1872 4040 per

438 4090 556 4166 dictos
589 4089 763 4165 abbatem
788 4107 815 4165 a
841 4089 1043 4166 Conuentii
1067 4089 1206 4187 putav
1220 4085 1376 4162 cedebat
1397 4085 1487 4162 Juri
1509 4086 1579 4160 suo
1603 4101 1631 4161 a
1654 4083 1872 4184 aooeptabat

438 4234 541 4308 aliud
567 4235 749 4310 beneficio
776 4234 865 4310 lioet
888 4258 965 4310 uon
990 4234 1087 4308 tanti
1110 4233 1246 4308 valoris
1272 4230 1369 4330 qad
1392 4255 1549 4332 precum
1574 4232 1667 4321 iirap
1690 4226 1869 4304 instancia

439 4380 509 4454 diis
533 4380 695 4455 Wiilm9
718 4379 969 4453 sanctiandree
991 4379 1071 4476 Epis
1096 4377 1220 4451 eidem
1243 4376 1421 4452 imediate
1447 4375 1632 4453 eoferebat
1655 4373 1705 4450 fio
1720 4399 1748 4472 q
1761 4375 1871 4475 magr

440 4525 616 4612 matheus
632 4525 746 4600 olicus
763 4525 808 4597 iir
824 4522 1011 4597 Industria
1028 4526 1093 4596 lira
1110 4523 1285 4621 operibus
1303 4540 1329 4598 a
1347 4523 1516 4622 expenfis
1539 4546 1583 4596 ao
1599 4544 1702 4597 mera
1717 4519 1871 4595 alterius

439 4673 692 4772 Refignae'one
708 4671 792 4744 dim
809 4669 992 4744 beneficir'i
1008 4667 1249 4745 obtinuiteet
1266 4668 1376 4743 Istud
1398 4691 1475 4743 uon
1499 4670 1541 4743 in
1566 4653 1743 4766 {liudioir'r
1766 4667 1871 4765 puta·

439 4820 554 4898 cionis
581 4819 670 4920 ipou
696 4816 852 4891 fecimus
880 4837 950 4890 neo
975 4823 1163 4915 temptare
1187 4816 1379 4889 curarim?
1394 4854 1404 4877 ·
1420 4811 1522 4888 Cum
1546 4833 1617 4886 neo
1641 4835 1741 4912 opua
1762 4809 1871 4902 nobis
