4425 5842
694 1102 848 1182 REGE
874 1099 1064 1178 DAVID
1090 1100 1147 1176 11.
1199 1106 1478 1184 1329-1370.

385 1413 387 1416 .
972 1352 1198 1421 ABBACIA.

371 1482 442 1546 481.
466 1477 674 1545 Confirmatio
699 1475 827 1543 Petricii
849 1473 971 1542 comitis
993 1472 1137 1540 Marchie
1161 1473 1202 1538 de
1223 1471 1371 1540 omnibns
1393 1470 1484 1538 terris
1503 1469 1586 1538 inim
1608 1469 1792 1538 comitatum

371 1601 520 1691 ejusden.
567 1603 658 1690 Orig.

370 1729 442 1793 488
466 1725 658 1794 Mandatum
673 1721 830 1790 Willelmi
858 1721 997 1812 episcopi
1021 1723 1132 1788 Sancti
1158 1720 1289 1789 Andree
1308 1719 1351 1788 de
1371 1710 1674 1788 excommunicandis
1696 1733 1795 1784 trans-

371 1837 567 1936 gressnribus
581 1847 613 1913 in
627 1846 832 1936 possessiones
847 1867 902 1912 seu
915 1839 1076 1910 libertates
1089 1842 1131 1910 de
1144 1842 1275 1909 Meiros
1321 1843 1413 1932 0148.

370 1973 442 2037 488.
466 1969 626 2036 Protectio
640 1969 752 2057 Regis,
778 1969 851 2033 licet
866 1966 1089 2033 monasterium
1110 1965 1151 2030 sit
1169 1965 1238 2053 jam
1259 1963 1301 2030 ad
1321 1961 1416 2030 fidem
1431 1962 1639 2051 Angliccrum
1654 1984 1711 2048 per
1732 1961 1796 2027 vim

370 2109 402 2164 et
415 2096 661 2186 compulsionem
677 2095 893 2162 constitutum.
940 2096 1031 2183 orig.

371 2223 443 2286 484.
467 2220 626 2288 Protectio
641 2219 741 2308 Regis
752 2219 870 2286 citera·
907 2217 998 2306 Orig.

371 2345 442 2410 485.
466 2344 565 2409 Carta
579 2343 679 2430 Regis
692 2342 737 2408 de
750 2341 911 2430 regalitate
925 2339 1066 2406 omnium
1081 2351 1235 2406 terrarum
1249 2336 1429 2404 monasterii
1484 2336 1576 2426 0118.

371 2463 442 2533 486.
466 2468 565 2532 Certa
578 2465 680 2554 Regis
692 2464 732 2531 de
746 2475 893 2532 custnme
907 2465 1050 2530 lanarum
1064 2461 1252 2528 monasterii.
1298 2462 1392 2550 0148.

372 2591 445 2659 487.
468 2591 658 2678 Precsptum
673 2589 772 2677 Regia
786 2587 827 2654 de
840 2587 1011 2676 regalitate.
1058 2587 1149 2674 0148.

340 2739 342 2742 ·
370 2714 443 2778 488.
467 2715 655 2801 Preceptum
670 2709 842 2777 decadem.
889 2711 982 2796 0148.

372 2836 443 2907 489.
466 2837 565 2901 Carta
578 2835 678 2923 Regis
692 2833 732 2899 de
744 2832 873 2899 licencia
888 2830 1014 2921 speciali
1028 2841 1162 2897 tractare
1177 2850 1251 2896 cum
1265 2826 1420 2917 Angiicis.
1466 2827 1559 2915 0148.

375 2959 446 3022 440.
470 2955 628 3023 Protectic
643 2957 754 3044 Regis,
777 2977 849 3022 cum
871 2954 1036 3043 privilegio
1051 2954 1093 3019 de
1106 2951 1207 3018 namin
1220 2973 1283 3016 ncn
1297 2949 1474 3040 capiendis,
1485 2961 1518 3015 et
1532 2949 1572 3016 de
1586 2947 1699 3017 debitis
1713 2949 1798 3014 colli-

371 3081 488 3168 gendis.
536 3082 629 3168 0148.

373 3205 446 3266 441.
470 3201 677 3268 Confirmatio
690 3200 776 3288 regin
789 3213 874 3266 carte
889 3200 1025 3267 Roberti
1040 3197 1141 3287 Regis
1154 3199 1197 3265 N.
1212 3195 1286 3266 861.
1333 3196 1424 3286 0148.

1028 3441 1138 3508 ΑΒΕ.

373 3567 470 3631 Carta
485 3563 583 3652 Regis
597 3563 637 3629 de
648 3562 851 3628 advocatione
861 3561 987 3627 ecclesie
1000 3560 1106 3627 Sancti
1117 3559 1273 3626 iohannis
1282 3559 1323 3626 da
1337 3561 1415 3639 Are,
1431 3581 1494 3646 que
1513 3558 1567 3625 iric
1581 3558 1663 3624 forte
1676 3559 1799 3638 omissa,

374 3689 413 3753 nd
437 3689 567 3776 longum
593 3685 811 3754 transcribitur
838 3686 872 3750 in
896 3697 983 3751 carta
1010 3683 1252 3750 confirmationis
1275 3683 1374 3772 Regis
1397 3683 1531 3748 Rcberti
1562 3684 1611 3748 11.
1643 3685 1685 3749 N.
1713 3685 1795 3759 481;

372 3825 458 3878 extet
472 3834 601 3900 quoqne
614 3809 695 3876 inter
709 3809 789 3876 Acin
802 3811 891 3876 Pari.
908 3811 990 3877 Scoi.
1012 3810 1071 3876 vot
1087 3811 1118 3874 I.
1133 3807 1194 3902 Ap.
1211 3809 1262 3873 18.
1271 3830 1309 3896 p.
1325 3806 1399 3875 162.
1445 3810 1537 3896 Orig.

377 3935 474 3998 Carta
487 3931 627 4020 ejusdem
643 3931 683 3996 de
693 3930 815 3998 eadem.
859 3930 1087 3997 Ertstididem
1100 3929 1162 4018 Ap.
1179 3932 1231 4002 19.
1279 3929 1370 4016 0148.

984 4139 1191 4206 Bnawlc.

371 4265 438 4329 442.
463 4265 514 4329 Iis
529 4263 706 4329 venditione
720 4261 886 4330 tenementi
901 4261 1005 4329 Alicie
1019 4261 1163 4350 Mcigne.
1210 4261 1334 4352 Regini.
1350 4271 1460 4329 recent.

928 4509 1232 4578 HADINGTON.

375 4633 436 4697 448
456 4633 630 4698 Attestnio
653 4631 806 4698 Willelmi
833 4631 969 4721 episcopi
997 4633 1102 4700 Sancti
1128 4633 1259 4700 Andree
1281 4634 1316 4699 in
1339 4655 1406 4721 qua
1430 4633 1652 4698 confirmantur
1680 4634 1795 4698 instra-

374 4766 511 4821 mentum
533 4767 564 4822 et
586 4773 669 4824 carte
690 4758 732 4823 N.
748 4759 803 4836 50,
826 4759 881 4836 81,
905 4758 959 4835 52,
979 4755 1020 4822 de
1041 4755 1169 4824 decimis
1190 4756 1232 4825 de
1256 4756 1490 4826 Edmundiston
1513 4768 1545 4822 et
1571 4757 1794 4823 Hertisisened.

376 4875 467 4966 Orig.
