4425 5842
350 538 446 595 aaa.
461 538 548 593 rac.
563 540 608 593 11.
701 516 1059 595 MUNIMENTA
1084 519 1165 594 DE
1191 514 1432 594 MELROS.
1711 518 1783 591 573

352 742 541 817 dictorum
574 741 851 841 Religiosorum
885 746 1054 819 virorum
1088 768 1156 843 per
1187 741 1361 817 officiales
1393 750 1435 815 et
1475 738 1660 814 ministros
1701 738 1787 809 bros

353 890 485 964 foreste
514 890 696 989 supradi'e
728 891 776 964 sd
810 890 1104 991 comparendum
1137 889 1186 964 od
1218 889 1303 963 dius
1335 888 1470 963 Curias
1502 886 1640 961 nostras
1673 883 1721 958 de
1752 882 1789 955 le

353 1035 529 1135 boundys
546 1045 586 1111 et
601 1037 744 1111 ibidem
761 1035 1062 1134 respondendum
1080 1051 1107 1109 ”t
1123 1033 1247 1133 legem
1259 1033 1652 1121 subeunduthuare
1668 1031 1788 1105 omni-

353 1184 427 1258 bus
443 1192 483 1257 et
498 1182 652 1283 singulis
668 1182 888 1257 officialibus
905 1190 944 1256 et
961 1182 1137 1256 ministris
1162 1180 1294 1255 nostris
1319 1178 1451 1254 foreste
1478 1180 1544 1255 irre
1559 1178 1608 1253 de
1633 1177 1789 1253 Ettrike

356 1329 522 1429 predicte
539 1314 739 1427 ficipiendo
755 1328 977 1403 mandamus
1002 1328 1215 1402 inhibentes
1231 1349 1280 1400 ne
1296 1325 1414 1424 aliqui
1428 1326 1579 1425 ijiorum
1594 1348 1661 1423 per
1677 1327 1713 1398 se
1729 1323 1792 1398 vel

358 1477 572 1577 quoscumffi
594 1477 741 1575 iliorum
767 1480 895 1549 nomie
920 1474 1089 1549 homines
1114 1474 1276 1549 famulos
1295 1472 1455 1549 fuibores
1480 1482 1519 1547 et
1542 1470 1793 1547 inhabitantes

359 1608 607 1722 {iscripborum
624 1622 902 1721 Religiosorum
923 1622 1093 1698 virorum
1118 1606 1268 1720 Bsumnt
1292 1644 1476 1725 quacunq„
1499 1620 1721 1703 auctoritate
1744 1618 1793 1691 de

361 1781 483 1845 cetero
500 1770 672 1845 anastase
689 1769 766 1843 flue
782 1768 978 1869 compell⁹e
995 1768 1043 1843 ad
1060 1769 1180 1843 curias
1196 1768 1335 1843 nostras
1352 1767 1399 1842 de
1423 1767 1459 1841 le
1482 1767 1658 1866 boundys
1673 1808 1681 1825 ·
1696 1766 1795 1863 sup‘-

361 1918 511 2016 scriptas
528 1916 820 2017 comparendum
837 1917 906 1991 sub
922 1915 1098 1991 omnibus
1121 1916 1228 2014 penis
1244 1915 1383 2014 quibus
1400 1937 1487 2012 erga
1503 1937 1572 1989 nos
1588 1912 1741 1986 heredes
1758 1922 1797 1983 et

364 2062 575 2139 success‘ores
587 2065 672 2137 irros
684 2064 872 2137 incurrere
888 2063 1054 2161 poterint
1070 2085 1227 2161 quoquo
1243 2061 1432 2135 modorln
1445 2060 1552 2135 cuius
1569 2059 1622 2133 rei
1634 2058 1797 2133 testibim

368 2208 543 2309 Sigillum
570 2211 738 2285 nostrum
767 2209 922 2310 pinibus
946 2210 999 2285 est
1024 2209 1228 2309 appensum
1252 2210 1355 2307 apud
1384 2206 1570 2282 Newerke
1601 2206 1641 2280 in
1667 2206 1799 2280 foresta

369 2356 611 2457 suprascripta
634 2357 696 2430 die
712 2356 886 2431 vicesrmo
904 2356 1021 2433 Sexto
1047 2360 1162 2429 menb
1188 2354 1342 2454 septsb's
1364 2353 1484 2427 Anno
1511 2352 1657 2428 domini
1681 2351 1801 2427 mille-

368 2504 458 2578 fimo
489 2502 856 2603 quadringentesimo
890 2501 1171 2602 quadragesimo
1211 2502 1316 2576 sexto
1344 2498 1545 2575 rTestibus
1577 2498 1720 2577 Jacobo
1754 2498 1801 2573 de

370 2650 543 2751 Douglas
571 2666 597 2724 n
627 2649 780 2749 hugone
821 2647 869 2723 de
903 2648 1077 2749 Douglas
1111 2648 1262 2723 Comite
1295 2647 1343 2724 de
1375 2646 1576 2723 Ormunde
1607 2646 1802 2723 kmiffimis

370 2797 491 2873 nibus
507 2798 638 2873 nostris
654 2796 866 2897 germanis!
881 2796 1061 2896 magistro
1076 2797 1105 2872 J
1104 2796 1220 2871 acobo
1236 2795 1392 2895 lyndsay
1411 2795 1601 2871 canonino
1624 2794 1804 2894 glasguefi

372 2944 534 3018 sectatio
561 2946 629 3018 ino
643 2942 829 3018 rdominis
849 2944 1015 3042 Symone
1039 2944 1088 3017 de
1112 2941 1394 3042 glendynwyne
1417 2940 1467 3013 de
1488 2940 1559 3015 eod
1587 2940 1730 3017 Jacobo
1756 2938 1805 3012 de

374 3088 527 3165 auchlec
543 3089 590 3163 de
606 3090 677 3165 eod
693 3088 877 3165 militibus
907 3089 1098 3189 Magiltris
1115 3112 1278 3190 georgen
1293 3087 1341 3164 de
1357 3087 1591 3186 schoryswod
1607 3096 1647 3163 et
1661 3110 1798 3187 yrnos·

376 3237 513 3312 clericis
531 3237 660 3312 nostris
677 3261 765 3314 cum
782 3236 913 3313 multis
930 3235 1036 3311 aliisr

375 3532 674 3610 lustramentum
691 3531 740 3608 de
756 3532 910 3608 decimis
926 3532 974 3608 de
992 3532 1201 3610 Leiseduen
1218 3574 1230 3597 ·

265 3834 329 3903 565
378 3804 431 3901 ln
447 3824 510 3899 dei
526 3826 613 3899 noie
627 3836 710 3901 ame
726 3854 750 3923 p
768 3826 840 3901 hoc
865 3827 934 3925 frus
950 3826 1064 3927 pubci
1088 3826 1218 3901 instim
1234 3834 1341 3910 αὖοι(
1366 3836 1494 3928 pateat
1518 3803 1716 3925 euidenlq
1731 3839 1804 3901 ano

377 3970 424 4043 ab
442 3970 690 4047 Incamatbne
714 3972 818 4047 eiuiil
841 3972 909 4047 dni
934 3972 1048 4051 ‹nillio
1065 3973 1314 4073 quadringen⁰
1330 3972 1428 4047 xliiii
1452 3972 1539 4046 meh
1555 3995 1643 4046 vero
1661 3972 1811 4047 Octob¹s

376 4116 438 4193 die
455 4118 598 4194 viceiio
614 4140 715 4193 nono
732 4118 885 4194 manoe
900 4120 1005 4195 sexta
1020 4123 1133 4219 pont)
1147 4118 1298 4195 sciflimi
1314 4124 1330 4191 i
1345 4119 1422 4215 xfro
1439 4117 1513 4215 {iris
1529 4140 1572 4191 ac
1587 4117 1655 4191 dni
1670 4117 1737 4192 dni
1754 4120 1812 4193 riri

374 4266 527 4366 engenii
543 4266 608 4340 dia
623 4264 766 4362 puideii
778 4289 876 4367 pape
892 4266 965 4366 q‘ti
982 4280 1052 4341 ano
1070 4266 1217 4342 decimo
1235 4266 1319 4364 q‘to
1344 4263 1393 4338 In
1410 4264 1486 4338 mei
1501 4262 1610 4363 no‘rij
1628 4264 1772 4365 publici
1789 4283 1816 4342 “t

376 4412 486 4485 testifi
513 4412 739 4513 subsc²ptors1
769 4413 878 4512 incia
903 4415 1046 4512 psonalr
1068 4414 1218 4515 pstituti
1233 4388 1408 4488 vellables
1433 4412 1483 4491 In
1499 4412 1574 4512 xpo
1591 4413 1672 4511 lires
1688 4438 1732 4491 sc
1748 4414 1817 4489 diri

377 4554 529 4630 abbans
558 4558 606 4631 ae
634 4558 737 4634 rso
761 4558 897 4636 menos
922 4570 962 4635 et
985 4560 1106 4637 Jeua-
1132 4560 1301 4637 micaret
1328 4560 1396 4657 sup
1420 4530 1480 4641 ‘lte
1505 4558 1639 4643 assate
1662 4559 1765 4657 nau
1793 4577 1820 4633 s

377 4698 538 4799 querelis
554 4708 657 4785 moti
674 4680 747 4779 lul
758 4690 866 4804 flfah'r
881 4705 1014 4782 abbate
1026 4706 1077 4781 de
1091 4705 1228 4783 melros
1239 4714 1278 4781 et
1296 4705 1429 4781 abbate
1444 4705 1492 4779 de
1504 4704 1710 4802 Dryburch
1727 4706 1823 4777 circa

378 4846 493 4945 quan
509 4847 672 4925 decimas
688 4850 854 4951 garbales
873 4851 921 4928 In
937 4853 1090 4950 prochia
1105 4852 1156 4929 de
1170 4852 1358 4929 leileduen
1389 4851 1659 4925 concrescentes
1676 4850 1823 4923 attend
