<?xml version="1.0" encoding="UTF-8"?>
<!DOCTYPE html PUBLIC "-//W3C//DTD XHTML 1.0 Transitional//EN"
    "http://www.w3.org/TR/xhtml1/DTD/xhtml1-transitional.dtd">
<html xmlns="http://www.w3.org/1999/xhtml" xml:lang="en" lang="en">
 <head>
  <title>
</title>
<meta http-equiv="Content-Type" content="text/html;charset=utf-8" />
  <meta name='ocr-system' content='tesseract 3.04.00' />
  <meta name='ocr-capabilities' content='ocr_page ocr_carea ocr_par ocr_line ocrx_word'/>
</head>
<body>
  <div class='ocr_page' id='page_1' title='image "./libersanctemari02innegoog_0368.png"; bbox 0 0 4425 5842; ppageno 0'>
   <div class='ocr_carea' id='block_1_1' title="bbox 429 503 1864 590">
    <p class='ocr_par' dir='ltr' id='par_1_1' title="bbox 429 503 1864 590">
     <span class='ocr_line' id='line_1_1' title="bbox 429 503 1864 590; baseline 0.009 -13"><span class='ocrx_word' id='word_1_1' title='bbox 429 503 503 578; x_wconf 75' lang='lat'><strong>646</strong></span> <span class='ocrx_word' id='word_1_2' title='bbox 767 505 1125 586; x_wconf 77' lang='lat' dir='ltr'><strong>MUNIMEN&#39;I&#39;A</strong></span> <span class='ocrx_word' id='word_1_3' title='bbox 1148 507 1229 586; x_wconf 88' lang='lat' dir='ltr'><strong>DE</strong></span> <span class='ocrx_word' id='word_1_4' title='bbox 1254 507 1497 588; x_wconf 83' lang='lat' dir='ltr'><strong>MELROS.</strong></span> <span class='ocrx_word' id='word_1_5' title='bbox 1662 533 1749 588; x_wconf 77' lang='lat' dir='ltr'><strong>aaa.</strong></span> <span class='ocrx_word' id='word_1_6' title='bbox 1774 533 1864 590; x_wconf 75' lang='lat' dir='ltr'><strong>xva</strong></span> 
     </span>
    </p>
   </div>
   <div class='ocr_carea' id='block_1_2' title="bbox 419 719 1861 1565">
    <p class='ocr_par' dir='ltr' id='par_1_2' title="bbox 419 719 1861 1565">
     <span class='ocr_line' id='line_1_2' title="bbox 428 719 1859 810; baseline 0.011 -15"><span class='ocrx_word' id='word_1_7' title='bbox 428 719 528 797; x_wconf 85' lang='lat' dir='ltr'><strong>dicte</strong></span> <span class='ocrx_word' id='word_1_8' title='bbox 544 723 754 800; x_wconf 81' lang='lat' dir='ltr'><strong>feodifirme</strong></span> <span class='ocrx_word' id='word_1_9' title='bbox 769 727 877 804; x_wconf 89' lang='lat' dir='ltr'><strong>nobis</strong></span> <span class='ocrx_word' id='word_1_10' title='bbox 893 728 963 804; x_wconf 62' lang='lat' dir='ltr'><strong>dio</strong></span> <span class='ocrx_word' id='word_1_11' title='bbox 978 732 1256 806; x_wconf 83' lang='lat' dir='ltr'><strong>comendatario</strong></span> <span class='ocrx_word' id='word_1_12' title='bbox 1270 741 1310 805; x_wconf 89' lang='lat' dir='ltr'><strong>et</strong></span> <span class='ocrx_word' id='word_1_13' title='bbox 1334 733 1411 807; x_wconf 78' lang='lat' dir='ltr'><strong>riris</strong></span> <span class='ocrx_word' id='word_1_14' title='bbox 1435 731 1693 808; x_wconf 77' lang='lat' dir='ltr'><strong>suecessoribus</strong></span> <span class='ocrx_word' id='word_1_15' title='bbox 1715 757 1761 810; x_wconf 89' lang='lat' dir='ltr'><strong>ac</strong></span> <span class='ocrx_word' id='word_1_16' title='bbox 1775 734 1859 810; x_wconf 86' lang='lat' dir='ltr'><strong>fim-</strong></span> 
     </span>
     <span class='ocr_line' id='line_1_3' title="bbox 426 869 1861 977; baseline 0.009 -34"><span class='ocrx_word' id='word_1_17' title='bbox 426 869 535 968; x_wconf 91' lang='lat' dir='ltr'><strong>plum</strong></span> <span class='ocrx_word' id='word_1_18' title='bbox 553 871 656 946; x_wconf 76' lang='lat' dir='ltr'><strong>eiuffi</strong></span> <span class='ocrx_word' id='word_1_19' title='bbox 671 873 778 949; x_wconf 92' lang='lat' dir='ltr'><strong>nobis</strong></span> <span class='ocrx_word' id='word_1_20' title='bbox 794 875 866 950; x_wconf 73' lang='lat' dir='ltr'><strong>deo</strong></span> <span class='ocrx_word' id='word_1_21' title='bbox 881 879 1088 952; x_wconf 90' lang='lat' dir='ltr'><strong>conuentui</strong></span> <span class='ocrx_word' id='word_1_22' title='bbox 1104 887 1144 954; x_wconf 90' lang='lat' dir='ltr'><strong>et</strong></span> <span class='ocrx_word' id='word_1_23' title='bbox 1162 879 1239 952; x_wconf 84' lang='lat' dir='ltr'><strong>iiris</strong></span> <span class='ocrx_word' id='word_1_24' title='bbox 1253 877 1512 954; x_wconf 72' lang='lat' dir='ltr'><strong>succefl‘oribus</strong></span> <span class='ocrx_word' id='word_1_25' title='bbox 1527 879 1652 977; x_wconf 89' lang='lat' dir='ltr'><strong>primo</strong></span> <span class='ocrx_word' id='word_1_26' title='bbox 1675 891 1749 955; x_wconf 74' lang='lat' dir='ltr'><strong>auo</strong></span> <span class='ocrx_word' id='word_1_27' title='bbox 1770 892 1861 956; x_wconf 74' lang='lat' dir='ltr'><strong>eom</strong></span> 
     </span>
     <span class='ocr_line' id='line_1_4' title="bbox 425 1015 1859 1124; baseline 0.01 -35"><span class='ocrx_word' id='word_1_28' title='bbox 425 1015 603 1094; x_wconf 83' lang='lat' dir='ltr'><strong>introitus</strong></span> <span class='ocrx_word' id='word_1_29' title='bbox 631 1019 678 1094; x_wconf 90' lang='lat' dir='ltr'><strong>ad</strong></span> <span class='ocrx_word' id='word_1_30' title='bbox 708 1021 890 1120; x_wconf 87' lang='lat' dir='ltr'><strong>predictas</strong></span> <span class='ocrx_word' id='word_1_31' title='bbox 916 1032 1030 1098; x_wconf 85' lang='lat' dir='ltr'><strong>terras</strong></span> <span class='ocrx_word' id='word_1_32' title='bbox 1058 1048 1148 1099; x_wconf 88' lang='lat' dir='ltr'><strong>cum</strong></span> <span class='ocrx_word' id='word_1_33' title='bbox 1176 1025 1307 1120; x_wconf 85' lang='lat' dir='ltr'><strong>ptiueii</strong></span> <span class='ocrx_word' id='word_1_34' title='bbox 1339 1025 1476 1100; x_wconf 76' lang='lat' dir='ltr'><strong>Aeetia</strong></span> <span class='ocrx_word' id='word_1_35' title='bbox 1501 1025 1664 1124; x_wconf 63' lang='lat' dir='ltr'><strong>predict*</strong></span> <span class='ocrx_word' id='word_1_36' title='bbox 1693 1027 1859 1102; x_wconf 85' lang='lat' dir='ltr'><strong>Jacobus</strong></span> 
     </span>
     <span class='ocr_line' id='line_1_5' title="bbox 423 1164 1856 1271; baseline 0.006 -32"><span class='ocrx_word' id='word_1_37' title='bbox 423 1164 577 1242; x_wconf 87' lang='lat' dir='ltr'><strong>heredes</strong></span> <span class='ocrx_word' id='word_1_38' title='bbox 592 1166 649 1242; x_wconf 89' lang='lat' dir='ltr'><strong>sui</strong></span> <span class='ocrx_word' id='word_1_39' title='bbox 666 1176 705 1242; x_wconf 88' lang='lat' dir='ltr'><strong>et</strong></span> <span class='ocrx_word' id='word_1_40' title='bbox 720 1167 888 1268; x_wconf 75' lang='lat' dir='ltr'><strong>alliganti</strong></span> <span class='ocrx_word' id='word_1_41' title='bbox 904 1169 1099 1269; x_wconf 86' lang='lat' dir='ltr'><strong>prestando</strong></span> <span class='ocrx_word' id='word_1_42' title='bbox 1117 1179 1191 1246; x_wconf 84' lang='lat' dir='ltr'><strong>tres</strong></span> <span class='ocrx_word' id='word_1_43' title='bbox 1206 1171 1320 1246; x_wconf 81' lang='lat' dir='ltr'><strong>sectas</strong></span> <span class='ocrx_word' id='word_1_44' title='bbox 1336 1171 1440 1246; x_wconf 88' lang='lat' dir='ltr'><strong>curie</strong></span> <span class='ocrx_word' id='word_1_45' title='bbox 1463 1171 1513 1245; x_wconf 87' lang='lat' dir='ltr'><strong>ad</strong></span> <span class='ocrx_word' id='word_1_46' title='bbox 1537 1172 1609 1246; x_wconf 86' lang='lat' dir='ltr'><strong>tria</strong></span> <span class='ocrx_word' id='word_1_47' title='bbox 1633 1174 1700 1246; x_wconf 80' lang='lat' dir='ltr'><strong>ina</strong></span> <span class='ocrx_word' id='word_1_48' title='bbox 1720 1173 1856 1271; x_wconf 82' lang='lat' dir='ltr'><strong>placita</strong></span> 
     </span>
     <span class='ocr_line' id='line_1_6' title="bbox 422 1293 1856 1416; baseline 0.006 -29"><span class='ocrx_word' id='word_1_49' title='bbox 422 1313 592 1413; x_wconf 86' lang='lat' dir='ltr'><strong>capitalia</strong></span> <span class='ocrx_word' id='word_1_50' title='bbox 616 1314 664 1388; x_wconf 88' lang='lat' dir='ltr'><strong>de</strong></span> <span class='ocrx_word' id='word_1_51' title='bbox 687 1315 909 1391; x_wconf 90' lang='lat' dir='ltr'><strong>mauchlene</strong></span> <span class='ocrx_word' id='word_1_52' title='bbox 934 1317 1035 1416; x_wconf 89' lang='lat' dir='ltr'><strong>apud</strong></span> <span class='ocrx_word' id='word_1_53' title='bbox 1059 1317 1186 1392; x_wconf 87' lang='lat' dir='ltr'><strong>locum</strong></span> <span class='ocrx_word' id='word_1_54' title='bbox 1202 1317 1369 1416; x_wconf 85' lang='lat' dir='ltr'><strong>ejusdem</strong></span> <span class='ocrx_word' id='word_1_55' title='bbox 1390 1321 1505 1393; x_wconf 78' lang='lat' dir='ltr'><strong>teueir</strong></span> <span class='ocrx_word' id='word_1_56' title='bbox 1530 1317 1586 1392; x_wconf 86' lang='lat' dir='ltr'><strong>Et</strong></span> <span class='ocrx_word' id='word_1_57' title='bbox 1609 1293 1744 1393; x_wconf 62' lang='lat' dir='ltr'><strong>fimilil)</strong></span> <span class='ocrx_word' id='word_1_58' title='bbox 1762 1320 1856 1396; x_wconf 84' lang='lat' dir='ltr'><strong>diat·</strong></span> 
     </span>
     <span class='ocr_line' id='line_1_7' title="bbox 419 1460 1853 1565; baseline 0.006 -31"><span class='ocrx_word' id='word_1_59' title='bbox 419 1460 584 1535; x_wconf 89' lang='lat' dir='ltr'><strong>Jacobua</strong></span> <span class='ocrx_word' id='word_1_60' title='bbox 601 1461 753 1537; x_wconf 88' lang='lat' dir='ltr'><strong>heredes</strong></span> <span class='ocrx_word' id='word_1_61' title='bbox 769 1463 826 1536; x_wconf 91' lang='lat' dir='ltr'><strong>sui</strong></span> <span class='ocrx_word' id='word_1_62' title='bbox 841 1473 881 1538; x_wconf 90' lang='lat' dir='ltr'><strong>et</strong></span> <span class='ocrx_word' id='word_1_63' title='bbox 897 1463 1064 1565; x_wconf 81' lang='lat' dir='ltr'><strong>affignati</strong></span> <span class='ocrx_word' id='word_1_64' title='bbox 1088 1475 1129 1539; x_wconf 88' lang='lat' dir='ltr'><strong>et</strong></span> <span class='ocrx_word' id='word_1_65' title='bbox 1152 1477 1241 1540; x_wconf 77' lang='lat' dir='ltr'><strong>eoru</strong></span> <span class='ocrx_word' id='word_1_66' title='bbox 1265 1465 1475 1540; x_wconf 75' lang='lat' dir='ltr'><strong>subtenetes</strong></span> <span class='ocrx_word' id='word_1_67' title='bbox 1504 1475 1746 1564; x_wconf 70' lang='lat' dir='ltr'><strong>occupatores</strong></span> <span class='ocrx_word' id='word_1_68' title='bbox 1771 1491 1853 1565; x_wconf 81' lang='lat' dir='ltr'><strong>pue·</strong></span> 
     </span>
    </p>
   </div>
   <div class='ocr_carea' id='block_1_3' title="bbox 418 1585 1853 1836">
    <p class='ocr_par' dir='ltr' id='par_1_3' title="bbox 418 1585 1853 1836">
     <span class='ocr_line' id='line_1_8' title="bbox 418 1585 1853 1738; baseline 0.003 -54"><span class='ocrx_word' id='word_1_69' title='bbox 418 1608 562 1685; x_wconf 85' lang='lat' dir='ltr'><strong>dictan&#39;r</strong></span> <span class='ocrx_word' id='word_1_70' title='bbox 580 1621 720 1686; x_wconf 79' lang='lat' dir='ltr'><strong>terma</strong></span> <span class='ocrx_word' id='word_1_71' title='bbox 736 1612 968 1688; x_wconf 87' lang='lat' dir='ltr'><strong>tenebuntur</strong></span> <span class='ocrx_word' id='word_1_72' title='bbox 982 1621 1131 1711; x_wconf 88' lang='lat' dir='ltr'><strong>portare</strong></span> <span class='ocrx_word' id='word_1_73' title='bbox 1145 1613 1209 1685; x_wconf 85' lang='lat' dir='ltr'><strong>sua</strong></span> <span class='ocrx_word' id='word_1_74' title='bbox 1231 1637 1347 1738; x_wconf 82' lang='lat' dir='ltr'><strong>grana</strong></span> <span class='ocrx_word' id='word_1_75' title='bbox 1370 1612 1480 1712; x_wconf 86' lang='lat' dir='ltr'><strong>super</strong></span> <span class='ocrx_word' id='word_1_76' title='bbox 1503 1597 1642 1710; x_wconf 72' lang='lat' dir='ltr'><strong>{inicus</strong></span> <span class='ocrx_word' id='word_1_77' title='bbox 1665 1585 1739 1686; x_wconf 76' lang='lat' dir='ltr'><strong>llis</strong></span> <span class='ocrx_word' id='word_1_78' title='bbox 1763 1617 1853 1689; x_wconf 84' lang='lat' dir='ltr'><strong>ores-</strong></span> 
     </span>
     <span class='ocr_line' id='line_1_9' title="bbox 418 1757 1851 1836; baseline 0.003 -6"><span class='ocrx_word' id='word_1_79' title='bbox 418 1757 539 1832; x_wconf 88' lang='lat' dir='ltr'><strong>eentia</strong></span> <span class='ocrx_word' id='word_1_80' title='bbox 555 1757 779 1834; x_wconf 79' lang='lat' dir='ltr'>molendinis</span> <span class='ocrx_word' id='word_1_81' title='bbox 796 1759 871 1833; x_wconf 86' lang='lat' dir='ltr'><strong>iiris</strong></span> <span class='ocrx_word' id='word_1_82' title='bbox 889 1758 937 1833; x_wconf 89' lang='lat' dir='ltr'><strong>de</strong></span> <span class='ocrx_word' id='word_1_83' title='bbox 953 1758 1174 1833; x_wconf 84' lang='lat' dir='ltr'><strong>mauchlene</strong></span> <span class='ocrx_word' id='word_1_84' title='bbox 1196 1768 1237 1833; x_wconf 89' lang='lat' dir='ltr'><strong>et</strong></span> <span class='ocrx_word' id='word_1_85' title='bbox 1252 1759 1437 1834; x_wconf 89' lang='lat' dir='ltr'><strong>multuras</strong></span> <span class='ocrx_word' id='word_1_86' title='bbox 1461 1759 1555 1834; x_wconf 87' lang='lat' dir='ltr'><strong>solui</strong></span> <span class='ocrx_word' id='word_1_87' title='bbox 1569 1759 1693 1834; x_wconf 87' lang='lat' dir='ltr'><strong>solitas</strong></span> <span class='ocrx_word' id='word_1_88' title='bbox 1709 1770 1750 1836; x_wconf 90' lang='lat' dir='ltr'><strong>et</strong></span> <span class='ocrx_word' id='word_1_89' title='bbox 1765 1785 1851 1835; x_wconf 89' lang='lat' dir='ltr'><strong>con·</strong></span> 
     </span>
    </p>
   </div>
   <div class='ocr_carea' id='block_1_4' title="bbox 399 1905 1849 4216">
    <p class='ocr_par' dir='ltr' id='par_1_4' title="bbox 399 1905 1849 4216">
     <span class='ocr_line' id='line_1_10' title="bbox 416 1905 1849 2005; baseline 0.002 -27"><span class='ocrx_word' id='word_1_90' title='bbox 416 1907 536 1980; x_wconf 86' lang='lat' dir='ltr'><strong>suetas</strong></span> <span class='ocrx_word' id='word_1_91' title='bbox 552 1930 621 2005; x_wconf 92' lang='lat' dir='ltr'><strong>pro</strong></span> <span class='ocrx_word' id='word_1_92' title='bbox 637 1907 774 1982; x_wconf 89' lang='lat' dir='ltr'><strong>eisdem</strong></span> <span class='ocrx_word' id='word_1_93' title='bbox 791 1907 956 2004; x_wconf 86' lang='lat' dir='ltr'><strong>psoluere</strong></span> <span class='ocrx_word' id='word_1_94' title='bbox 972 1906 1035 1981; x_wconf 89' lang='lat' dir='ltr'><strong>Ac</strong></span> <span class='ocrx_word' id='word_1_95' title='bbox 1051 1907 1127 1980; x_wconf 77' lang='lat' dir='ltr'><strong>etia</strong></span> <span class='ocrx_word' id='word_1_96' title='bbox 1142 1907 1325 2005; x_wconf 85' lang='lat' dir='ltr'><strong>asportare</strong></span> <span class='ocrx_word' id='word_1_97' title='bbox 1342 1905 1499 1980; x_wconf 75' lang='lat' dir='ltr'><strong>molares</strong></span> <span class='ocrx_word' id='word_1_98' title='bbox 1514 1905 1594 1980; x_wconf 77' lang='lat' dir='ltr'><strong>deis</strong></span> <span class='ocrx_word' id='word_1_99' title='bbox 1617 1907 1693 1982; x_wconf 74' lang='lat' dir='ltr'><strong>bris</strong></span> <span class='ocrx_word' id='word_1_100' title='bbox 1708 1907 1849 1982; x_wconf 87' lang='lat' dir='ltr'><strong>molen·</strong></span> 
     </span>
     <span class='ocr_line' id='line_1_11' title="bbox 416 2051 1848 2154; baseline 0.002 -28"><span class='ocrx_word' id='word_1_101' title='bbox 416 2053 514 2128; x_wconf 91' lang='lat' dir='ltr'><strong>dinis</strong></span> <span class='ocrx_word' id='word_1_102' title='bbox 532 2063 571 2128; x_wconf 90' lang='lat' dir='ltr'><strong>et</strong></span> <span class='ocrx_word' id='word_1_103' title='bbox 586 2054 745 2154; x_wconf 85' lang='lat' dir='ltr'><strong>prestare</strong></span> <span class='ocrx_word' id='word_1_104' title='bbox 761 2053 832 2128; x_wconf 88' lang='lat' dir='ltr'><strong>alia</strong></span> <span class='ocrx_word' id='word_1_105' title='bbox 847 2055 1000 2128; x_wconf 86' lang='lat' dir='ltr'><strong>seruicia</strong></span> <span class='ocrx_word' id='word_1_106' title='bbox 1015 2053 1122 2126; x_wconf 86' lang='lat' dir='ltr'><strong>solita</strong></span> <span class='ocrx_word' id='word_1_107' title='bbox 1133 2060 1173 2125; x_wconf 89' lang='lat' dir='ltr'><strong>et</strong></span> <span class='ocrx_word' id='word_1_108' title='bbox 1188 2051 1363 2126; x_wconf 86' lang='lat' dir='ltr'><strong>consueta</strong></span> <span class='ocrx_word' id='word_1_109' title='bbox 1378 2079 1407 2146; x_wconf 84' lang='lat' dir='ltr'><strong>p</strong></span> <span class='ocrx_word' id='word_1_110' title='bbox 1423 2053 1687 2127; x_wconf 78' lang='lat' dir='ltr'><strong>sustentatione</strong></span> <span class='ocrx_word' id='word_1_111' title='bbox 1703 2054 1848 2129; x_wconf 85' lang='lat' dir='ltr'><strong>eorund</strong></span> 
     </span>
     <span class='ocr_line' id='line_1_12' title="bbox 413 2199 1845 2301; baseline 0.002 -27"><span class='ocrx_word' id='word_1_112' title='bbox 413 2200 673 2276; x_wconf 81' lang='lat' dir='ltr'><strong>molendinon&#39;r</strong></span> <span class='ocrx_word' id='word_1_113' title='bbox 700 2203 857 2301; x_wconf 88' lang='lat' dir='ltr'>Insuper</span> <span class='ocrx_word' id='word_1_114' title='bbox 881 2199 1111 2274; x_wconf 86' lang='lat' dir='ltr'><strong>inhabitares</strong></span> <span class='ocrx_word' id='word_1_115' title='bbox 1134 2207 1175 2273; x_wconf 89' lang='lat' dir='ltr'><strong>et</strong></span> <span class='ocrx_word' id='word_1_116' title='bbox 1198 2209 1439 2298; x_wconf 82' lang='lat' dir='ltr'><strong>occupatores</strong></span> <span class='ocrx_word' id='word_1_117' title='bbox 1462 2200 1673 2299; x_wconf 65' lang='lat' dir='ltr'><strong>predictam]</strong></span> <span class='ocrx_word' id='word_1_118' title='bbox 1701 2211 1845 2277; x_wconf 73' lang='lat' dir='ltr'><strong>terrarii</strong></span> 
     </span>
     <span class='ocr_line' id='line_1_13' title="bbox 411 2344 1845 2446; baseline 0.003 -24"><span class='ocrx_word' id='word_1_119' title='bbox 411 2377 438 2442; x_wconf 82' lang='lat' dir='ltr'><strong>p</strong></span> <span class='ocrx_word' id='word_1_120' title='bbox 468 2357 637 2446; x_wconf 88' lang='lat' dir='ltr'><strong>tempore</strong></span> <span class='ocrx_word' id='word_1_121' title='bbox 665 2347 863 2423; x_wconf 85' lang='lat' dir='ltr'><strong>existentes</strong></span> <span class='ocrx_word' id='word_1_122' title='bbox 891 2346 1123 2421; x_wconf 87' lang='lat' dir='ltr'><strong>tenebuntur</strong></span> <span class='ocrx_word' id='word_1_123' title='bbox 1146 2353 1187 2420; x_wconf 89' lang='lat' dir='ltr'><strong>et</strong></span> <span class='ocrx_word' id='word_1_124' title='bbox 1211 2344 1482 2445; x_wconf 87' lang='lat' dir='ltr'><strong>obligabuntur</strong></span> <span class='ocrx_word' id='word_1_125' title='bbox 1506 2346 1699 2422; x_wconf 90' lang='lat' dir='ltr'><strong>uobiscum</strong></span> <span class='ocrx_word' id='word_1_126' title='bbox 1728 2359 1769 2424; x_wconf 89' lang='lat' dir='ltr'><strong>et</strong></span> <span class='ocrx_word' id='word_1_127' title='bbox 1798 2362 1845 2426; x_wconf 75' lang='lat' dir='ltr'><strong>cfr</strong></span> 
     </span>
     <span class='ocr_line' id='line_1_14' title="bbox 411 2491 1843 2591; baseline 0 -21"><span class='ocrx_word' id='word_1_128' title='bbox 411 2498 486 2570; x_wconf 83' lang='lat' dir='ltr'><strong>iiris</strong></span> <span class='ocrx_word' id='word_1_129' title='bbox 515 2491 772 2570; x_wconf 81' lang='lat' dir='ltr'><strong>succelloribus</strong></span> <span class='ocrx_word' id='word_1_130' title='bbox 796 2493 993 2567; x_wconf 77' lang='lat' dir='ltr'><strong>antedictis</strong></span> <span class='ocrx_word' id='word_1_131' title='bbox 1017 2493 1169 2567; x_wconf 72' lang='lat' dir='ltr'><strong>omibus</strong></span> <span class='ocrx_word' id='word_1_132' title='bbox 1194 2493 1429 2591; x_wconf 85' lang='lat' dir='ltr'><strong>temporibus</strong></span> <span class='ocrx_word' id='word_1_133' title='bbox 1452 2492 1628 2569; x_wconf 85' lang='lat' dir='ltr'><strong>affuturis</strong></span> <span class='ocrx_word' id='word_1_134' title='bbox 1651 2495 1843 2570; x_wconf 87' lang='lat' dir='ltr'><strong>ambulare</strong></span> 
     </span>
     <span class='ocr_line' id='line_1_15' title="bbox 410 2638 1844 2742; baseline 0.002 -28"><span class='ocrx_word' id='word_1_135' title='bbox 410 2642 577 2740; x_wconf 87' lang='lat' dir='ltr'><strong>equitare</strong></span> <span class='ocrx_word' id='word_1_136' title='bbox 592 2638 790 2714; x_wconf 86' lang='lat' dir='ltr'><strong>fortificare</strong></span> <span class='ocrx_word' id='word_1_137' title='bbox 805 2638 982 2738; x_wconf 83' lang='lat' dir='ltr'><strong>ptioipane</strong></span> <span class='ocrx_word' id='word_1_138' title='bbox 998 2646 1038 2712; x_wconf 88' lang='lat' dir='ltr'><strong>et</strong></span> <span class='ocrx_word' id='word_1_139' title='bbox 1054 2649 1158 2735; x_wconf 85' lang='lat' dir='ltr'><strong>ptem</strong></span> <span class='ocrx_word' id='word_1_140' title='bbox 1174 2663 1305 2740; x_wconf 88' lang='lat' dir='ltr'><strong>capere</strong></span> <span class='ocrx_word' id='word_1_141' title='bbox 1321 2639 1361 2714; x_wconf 89' lang='lat' dir='ltr'><strong>in</strong></span> <span class='ocrx_word' id='word_1_142' title='bbox 1375 2640 1587 2715; x_wconf 79' lang='lat' dir='ltr'><strong>defensione</strong></span> <span class='ocrx_word' id='word_1_143' title='bbox 1599 2641 1844 2742; x_wconf 72' lang='lat' dir='ltr'><strong>priuilegium</strong></span> 
     </span>
     <span class='ocr_line' id='line_1_16' title="bbox 408 2785 1842 2886; baseline 0.001 -24"><span class='ocrx_word' id='word_1_144' title='bbox 408 2789 470 2864; x_wconf 71' lang='lat' dir='ltr'><strong>dei</strong></span> <span class='ocrx_word' id='word_1_145' title='bbox 486 2789 544 2864; x_wconf 87' lang='lat' dir='ltr'><strong>iiri</strong></span> <span class='ocrx_word' id='word_1_146' title='bbox 568 2788 663 2862; x_wconf 63' lang='lat' dir='ltr'><strong>mofli</strong></span> <span class='ocrx_word' id='word_1_147' title='bbox 682 2786 730 2862; x_wconf 90' lang='lat' dir='ltr'><strong>de</strong></span> <span class='ocrx_word' id='word_1_148' title='bbox 746 2785 889 2862; x_wconf 75' lang='lat' dir='ltr'><strong>melroll</strong></span> <span class='ocrx_word' id='word_1_149' title='bbox 904 2795 1044 2862; x_wconf 80' lang='lat' dir='ltr'><strong>terram</strong></span> <span class='ocrx_word' id='word_1_150' title='bbox 1070 2795 1111 2862; x_wconf 89' lang='lat' dir='ltr'><strong>et</strong></span> <span class='ocrx_word' id='word_1_151' title='bbox 1133 2785 1351 2886; x_wconf 83' lang='lat' dir='ltr'><strong>poffeffionu</strong></span> <span class='ocrx_word' id='word_1_152' title='bbox 1374 2788 1437 2862; x_wconf 81' lang='lat' dir='ltr'><strong>eid</strong></span> <span class='ocrx_word' id='word_1_153' title='bbox 1460 2789 1592 2884; x_wconf 81' lang='lat' dir='ltr'><strong>ptiueii</strong></span> <span class='ocrx_word' id='word_1_154' title='bbox 1617 2789 1777 2865; x_wconf 84' lang='lat' dir='ltr'><strong>Necnon</strong></span> <span class='ocrx_word' id='word_1_155' title='bbox 1798 2791 1842 2863; x_wconf 91' lang='lat' dir='ltr'><strong>in</strong></span> 
     </span>
     <span class='ocr_line' id='line_1_17' title="bbox 406 2934 1842 3038; baseline 0.001 -25"><span class='ocrx_word' id='word_1_156' title='bbox 406 2937 551 3038; x_wconf 85' lang='lat' dir='ltr'><strong>guerris</strong></span> <span class='ocrx_word' id='word_1_157' title='bbox 568 2935 727 3035; x_wconf 83' lang='lat' dir='ltr'><strong>ragineis</strong></span> <span class='ocrx_word' id='word_1_158' title='bbox 745 2945 873 3010; x_wconf 86' lang='lat' dir='ltr'><strong>contra</strong></span> <span class='ocrx_word' id='word_1_159' title='bbox 890 2943 1034 3012; x_wconf 80' lang='lat' dir='ltr'><strong>veteres</strong></span> <span class='ocrx_word' id='word_1_160' title='bbox 1054 2935 1175 3010; x_wconf 87' lang='lat' dir='ltr'><strong>hostes</strong></span> <span class='ocrx_word' id='word_1_161' title='bbox 1200 2944 1239 3008; x_wconf 88' lang='lat' dir='ltr'><strong>et</strong></span> <span class='ocrx_word' id='word_1_162' title='bbox 1264 2935 1443 3010; x_wconf 88' lang='lat' dir='ltr'><strong>Inimicos</strong></span> <span class='ocrx_word' id='word_1_163' title='bbox 1466 2934 1582 3010; x_wconf 91' lang='lat' dir='ltr'><strong>buius</strong></span> <span class='ocrx_word' id='word_1_164' title='bbox 1606 2937 1714 3037; x_wconf 79' lang='lat' dir='ltr'><strong>regni</strong></span> <span class='ocrx_word' id='word_1_165' title='bbox 1739 2937 1842 3014; x_wconf 90' lang='lat' dir='ltr'><strong>idem</strong></span> 
     </span>
     <span class='ocr_line' id='line_1_18' title="bbox 407 3079 1843 3163; baseline -0.001 -3"><span class='ocrx_word' id='word_1_166' title='bbox 407 3085 578 3163; x_wconf 83' lang='lat' dir='ltr'><strong>Inuadeii</strong></span> <span class='ocrx_word' id='word_1_167' title='bbox 596 3083 754 3160; x_wconf 87' lang='lat' dir='ltr'><strong>Necnon</strong></span> <span class='ocrx_word' id='word_1_168' title='bbox 771 3081 899 3158; x_wconf 82' lang='lat' dir='ltr'><strong>licebit</strong></span> <span class='ocrx_word' id='word_1_169' title='bbox 916 3082 1023 3157; x_wconf 89' lang='lat' dir='ltr'><strong>nobis</strong></span> <span class='ocrx_word' id='word_1_170' title='bbox 1039 3083 1117 3156; x_wconf 84' lang='lat' dir='ltr'><strong>iiris</strong></span> <span class='ocrx_word' id='word_1_171' title='bbox 1133 3079 1392 3157; x_wconf 83' lang='lat' dir='ltr'><strong>succefforibus</strong></span> <span class='ocrx_word' id='word_1_172' title='bbox 1414 3081 1572 3156; x_wconf 72' lang='lat' dir='ltr'><strong>uidistis</strong></span> <span class='ocrx_word' id='word_1_173' title='bbox 1596 3091 1636 3156; x_wconf 86' lang='lat' dir='ltr'><strong>et</strong></span> <span class='ocrx_word' id='word_1_174' title='bbox 1661 3082 1738 3158; x_wconf 88' lang='lat' dir='ltr'><strong>iiris</strong></span> <span class='ocrx_word' id='word_1_175' title='bbox 1760 3084 1843 3158; x_wconf 86' lang='lat' dir='ltr'><strong>offi-</strong></span> 
     </span>
     <span class='ocr_line' id='line_1_19' title="bbox 405 3227 1841 3327; baseline -0.001 -21"><span class='ocrx_word' id='word_1_176' title='bbox 405 3233 524 3307; x_wconf 85' lang='lat' dir='ltr'><strong>ciariis</strong></span> <span class='ocrx_word' id='word_1_177' title='bbox 541 3255 583 3306; x_wconf 83' lang='lat' dir='ltr'><strong>ao</strong></span> <span class='ocrx_word' id='word_1_178' title='bbox 600 3231 713 3306; x_wconf 87' lang='lat' dir='ltr'><strong>seruis</strong></span> <span class='ocrx_word' id='word_1_179' title='bbox 729 3229 886 3304; x_wconf 80' lang='lat' dir='ltr'><strong>molares</strong></span> <span class='ocrx_word' id='word_1_180' title='bbox 902 3230 1049 3304; x_wconf 88' lang='lat' dir='ltr'><strong>arbores</strong></span> <span class='ocrx_word' id='word_1_181' title='bbox 1065 3237 1105 3303; x_wconf 89' lang='lat' dir='ltr'><strong>et</strong></span> <span class='ocrx_word' id='word_1_182' title='bbox 1128 3228 1218 3304; x_wconf 87' lang='lat' dir='ltr'><strong>ulios</strong></span> <span class='ocrx_word' id='word_1_183' title='bbox 1242 3228 1383 3327; x_wconf 86' lang='lat' dir='ltr'><strong>lapides</strong></span> <span class='ocrx_word' id='word_1_184' title='bbox 1398 3257 1427 3324; x_wconf 84' lang='lat' dir='ltr'><strong>p</strong></span> <span class='ocrx_word' id='word_1_185' title='bbox 1441 3227 1707 3303; x_wconf 84' lang='lat' dir='ltr'><strong>sustentatione</strong></span> <span class='ocrx_word' id='word_1_186' title='bbox 1722 3229 1841 3305; x_wconf 84' lang='lat' dir='ltr'><strong>dicto·</strong></span> 
     </span>
     <span class='ocr_line' id='line_1_20' title="bbox 404 3375 1840 3457; baseline -0.002 -2"><span class='ocrx_word' id='word_1_187' title='bbox 404 3405 491 3457; x_wconf 89' lang='lat' dir='ltr'><strong>rum</strong></span> <span class='ocrx_word' id='word_1_188' title='bbox 510 3381 664 3454; x_wconf 75' lang='lat' dir='ltr'><strong>brorum</strong></span> <span class='ocrx_word' id='word_1_189' title='bbox 681 3376 941 3452; x_wconf 84' lang='lat' dir='ltr'><strong>molendinora</strong></span> <span class='ocrx_word' id='word_1_190' title='bbox 959 3386 997 3450; x_wconf 89' lang='lat' dir='ltr'><strong>et</strong></span> <span class='ocrx_word' id='word_1_191' title='bbox 1013 3376 1085 3450; x_wconf 90' lang='lat' dir='ltr'><strong>loci</strong></span> <span class='ocrx_word' id='word_1_192' title='bbox 1101 3376 1151 3449; x_wconf 90' lang='lat' dir='ltr'><strong>de</strong></span> <span class='ocrx_word' id='word_1_193' title='bbox 1166 3375 1389 3451; x_wconf 86' lang='lat' dir='ltr'><strong>mauchleue</strong></span> <span class='ocrx_word' id='word_1_194' title='bbox 1403 3377 1468 3450; x_wconf 91' lang='lat' dir='ltr'><strong>Ac</strong></span> <span class='ocrx_word' id='word_1_195' title='bbox 1482 3376 1560 3451; x_wconf 78' lang='lat' dir='ltr'><strong>ecia</strong></span> <span class='ocrx_word' id='word_1_196' title='bbox 1575 3376 1752 3452; x_wconf 88' lang='lat' dir='ltr'><strong>carbones</strong></span> <span class='ocrx_word' id='word_1_197' title='bbox 1768 3379 1840 3452; x_wconf 85' lang='lat' dir='ltr'><strong>ces·</strong></span> 
     </span>
     <span class='ocr_line' id='line_1_21' title="bbox 405 3522 1839 3627; baseline 0.001 -27"><span class='ocrx_word' id='word_1_198' title='bbox 405 3529 503 3627; x_wconf 85' lang='lat' dir='ltr'><strong>pites</strong></span> <span class='ocrx_word' id='word_1_199' title='bbox 527 3536 567 3600; x_wconf 90' lang='lat' dir='ltr'><strong>et</strong></span> <span class='ocrx_word' id='word_1_200' title='bbox 591 3525 662 3598; x_wconf 85' lang='lat' dir='ltr'><strong>alia</strong></span> <span class='ocrx_word' id='word_1_201' title='bbox 684 3523 815 3598; x_wconf 78' lang='lat' dir='ltr'><strong>focalia</strong></span> <span class='ocrx_word' id='word_1_202' title='bbox 831 3533 986 3623; x_wconf 63' lang='lat' dir='ltr'><strong>quamq,</strong></span> <span class='ocrx_word' id='word_1_203' title='bbox 1003 3524 1070 3596; x_wconf 75' lang='lat' dir='ltr'><strong>bro</strong></span> <span class='ocrx_word' id='word_1_204' title='bbox 1085 3522 1196 3621; x_wconf 84' lang='lat' dir='ltr'><strong>pprio</strong></span> <span class='ocrx_word' id='word_1_205' title='bbox 1211 3524 1297 3598; x_wconf 87' lang='lat' dir='ltr'><strong>usui</strong></span> <span class='ocrx_word' id='word_1_206' title='bbox 1311 3551 1340 3619; x_wconf 82' lang='lat' dir='ltr'><strong>p</strong></span> <span class='ocrx_word' id='word_1_207' title='bbox 1355 3523 1625 3600; x_wconf 75' lang='lat' dir='ltr'><strong>sustentacione</strong></span> <span class='ocrx_word' id='word_1_208' title='bbox 1648 3525 1744 3599; x_wconf 86' lang='lat' dir='ltr'><strong>dieti</strong></span> <span class='ocrx_word' id='word_1_209' title='bbox 1766 3525 1839 3601; x_wconf 84' lang='lat' dir='ltr'><strong>loci</strong></span> 
     </span>
     <span class='ocr_line' id='line_1_22' title="bbox 405 3667 1838 3776; baseline 0.001 -28"><span class='ocrx_word' id='word_1_210' title='bbox 405 3675 453 3748; x_wconf 90' lang='lat' dir='ltr'><strong>de</strong></span> <span class='ocrx_word' id='word_1_211' title='bbox 469 3671 691 3776; x_wconf 79' lang='lat' dir='ltr'><strong>maucblene</strong></span> <span class='ocrx_word' id='word_1_212' title='bbox 706 3680 752 3744; x_wconf 77' lang='lat' dir='ltr'><strong>eu</strong></span> <span class='ocrx_word' id='word_1_213' title='bbox 767 3667 885 3744; x_wconf 90' lang='lat' dir='ltr'><strong>libero</strong></span> <span class='ocrx_word' id='word_1_214' title='bbox 900 3668 1061 3768; x_wconf 78' lang='lat' dir='ltr'><strong>pellagio</strong></span> <span class='ocrx_word' id='word_1_215' title='bbox 1084 3670 1245 3744; x_wconf 86' lang='lat' dir='ltr'><strong>introitu</strong></span> <span class='ocrx_word' id='word_1_216' title='bbox 1269 3679 1309 3744; x_wconf 89' lang='lat' dir='ltr'><strong>et</strong></span> <span class='ocrx_word' id='word_1_217' title='bbox 1332 3670 1440 3745; x_wconf 82' lang='lat' dir='ltr'><strong>exitu</strong></span> <span class='ocrx_word' id='word_1_218' title='bbox 1466 3681 1513 3745; x_wconf 74' lang='lat' dir='ltr'><strong>cfr</strong></span> <span class='ocrx_word' id='word_1_219' title='bbox 1537 3671 1676 3746; x_wconf 80' lang='lat' dir='ltr'><strong>eisdem</strong></span> <span class='ocrx_word' id='word_1_220' title='bbox 1691 3672 1838 3773; x_wconf 65' lang='lat' dir='ltr'><strong>vbicr&#39;rq,</strong></span> 
     </span>
     <span class='ocr_line' id='line_1_23' title="bbox 403 3792 1839 3919; baseline -0.001 -21"><span class='ocrx_word' id='word_1_221' title='bbox 403 3823 499 3898; x_wconf 84' lang='lat' dir='ltr'><strong>infra</strong></span> <span class='ocrx_word' id='word_1_222' title='bbox 515 3819 656 3896; x_wconf 91' lang='lat' dir='ltr'><strong>bondas</strong></span> <span class='ocrx_word' id='word_1_223' title='bbox 674 3804 887 3919; x_wconf 67' lang='lat' dir='ltr'><strong>{idiotarum</strong></span> <span class='ocrx_word' id='word_1_224' title='bbox 903 3792 1051 3892; x_wconf 70' lang='lat' dir='ltr'><strong>irarum</strong></span> <span class='ocrx_word' id='word_1_225' title='bbox 1069 3818 1237 3892; x_wconf 86' lang='lat' dir='ltr'><strong>existunt</strong></span> <span class='ocrx_word' id='word_1_226' title='bbox 1260 3817 1356 3918; x_wconf 53' lang='lat' dir='ltr'><strong>absa</strong></span> <span class='ocrx_word' id='word_1_227' title='bbox 1378 3824 1549 3892; x_wconf 84' lang='lat' dir='ltr'><strong>extremo</strong></span> <span class='ocrx_word' id='word_1_228' title='bbox 1572 3819 1775 3895; x_wconf 75' lang='lat' dir='ltr'><strong>incomodo</strong></span> <span class='ocrx_word' id='word_1_229' title='bbox 1798 3831 1839 3896; x_wconf 86' lang='lat' dir='ltr'><strong>et</strong></span> 
     </span>
     <span class='ocr_line' id='line_1_24' title="bbox 402 3966 1836 4066; baseline -0.003 -19"><span class='ocrx_word' id='word_1_230' title='bbox 402 3971 644 4046; x_wconf 87' lang='lat' dir='ltr'><strong>distructione</strong></span> <span class='ocrx_word' id='word_1_231' title='bbox 662 3968 773 4043; x_wconf 82' lang='lat' dir='ltr'><strong>fundi</strong></span> <span class='ocrx_word' id='word_1_232' title='bbox 791 3967 993 4042; x_wconf 88' lang='lat' dir='ltr'><strong>earundem</strong></span> <span class='ocrx_word' id='word_1_233' title='bbox 1010 3967 1237 4066; x_wconf 86' lang='lat' dir='ltr'><strong>perscrutare</strong></span> <span class='ocrx_word' id='word_1_234' title='bbox 1253 3966 1419 4041; x_wconf 85' lang='lat' dir='ltr'><strong>laborare</strong></span> <span class='ocrx_word' id='word_1_235' title='bbox 1434 3966 1562 4041; x_wconf 86' lang='lat' dir='ltr'><strong>fodere</strong></span> <span class='ocrx_word' id='word_1_236' title='bbox 1587 3976 1629 4043; x_wconf 90' lang='lat' dir='ltr'><strong>et</strong></span> <span class='ocrx_word' id='word_1_237' title='bbox 1651 3968 1836 4043; x_wconf 85' lang='lat' dir='ltr'><strong>abducere</strong></span> 
     </span>
     <span class='ocr_line' id='line_1_25' title="bbox 399 4111 1832 4216; baseline -0.003 -23"><span class='ocrx_word' id='word_1_238' title='bbox 399 4121 455 4193; x_wconf 87' lang='lat' dir='ltr'><strong>Et</strong></span> <span class='ocrx_word' id='word_1_239' title='bbox 471 4119 498 4192; x_wconf 82' lang='lat' dir='ltr'><strong>fi</strong></span> <span class='ocrx_word' id='word_1_240' title='bbox 515 4119 714 4216; x_wconf 86' lang='lat' dir='ltr'><strong>contigerit</strong></span> <span class='ocrx_word' id='word_1_241' title='bbox 731 4111 863 4214; x_wconf 57' lang='lat' dir='ltr'><strong>proiit*</strong></span> <span class='ocrx_word' id='word_1_242' title='bbox 880 4114 1067 4192; x_wconf 86' lang='lat' dir='ltr'><strong>Jacobum</strong></span> <span class='ocrx_word' id='word_1_243' title='bbox 1084 4115 1168 4188; x_wconf 86' lang='lat' dir='ltr'><strong>suos</strong></span> <span class='ocrx_word' id='word_1_244' title='bbox 1183 4113 1337 4189; x_wconf 87' lang='lat' dir='ltr'><strong>heredes</strong></span> <span class='ocrx_word' id='word_1_245' title='bbox 1353 4123 1393 4188; x_wconf 90' lang='lat' dir='ltr'><strong>et</strong></span> <span class='ocrx_word' id='word_1_246' title='bbox 1410 4113 1606 4213; x_wconf 82' lang='lat' dir='ltr'><strong>affignatos</strong></span> <span class='ocrx_word' id='word_1_247' title='bbox 1620 4115 1776 4188; x_wconf 79' lang='lat' dir='ltr'><strong>deiicere</strong></span> <span class='ocrx_word' id='word_1_248' title='bbox 1789 4113 1832 4188; x_wconf 91' lang='lat' dir='ltr'><strong>in</strong></span> 
     </span>
    </p>
   </div>
   <div class='ocr_carea' id='block_1_5' title="bbox 398 4259 1942 4358">
    <p class='ocr_par' dir='ltr' id='par_1_5' title="bbox 398 4259 1942 4358">
     <span class='ocr_line' id='line_1_26' title="bbox 398 4259 1942 4358; baseline -0.005 -21"><span class='ocrx_word' id='word_1_249' title='bbox 398 4264 581 4339; x_wconf 84' lang='lat' dir='ltr'><strong>solutione</strong></span> <span class='ocrx_word' id='word_1_250' title='bbox 597 4265 739 4338; x_wconf 78' lang='lat' dir='ltr'><strong>dictam</strong></span> <span class='ocrx_word' id='word_1_251' title='bbox 757 4263 908 4336; x_wconf 69' lang='lat' dir='ltr'><strong>firmarii</strong></span> <span class='ocrx_word' id='word_1_252' title='bbox 925 4261 1136 4338; x_wconf 87' lang='lat' dir='ltr'><strong>feodilirme</strong></span> <span class='ocrx_word' id='word_1_253' title='bbox 1152 4261 1260 4336; x_wconf 90' lang='lat' dir='ltr'><strong>nobis</strong></span> <span class='ocrx_word' id='word_1_254' title='bbox 1275 4269 1344 4336; x_wconf 89' lang='lat' dir='ltr'><strong>aut</strong></span> <span class='ocrx_word' id='word_1_255' title='bbox 1361 4263 1437 4336; x_wconf 78' lang='lat' dir='ltr'><strong>inis</strong></span> <span class='ocrx_word' id='word_1_256' title='bbox 1452 4259 1708 4336; x_wconf 80' lang='lat' dir='ltr'><strong>su&#39;ceefforibus</strong></span> <span class='ocrx_word' id='word_1_257' title='bbox 1723 4259 1831 4358; x_wconf 64' lang='lat' dir='ltr'><strong>ririsq,</strong></span> <span class='ocrx_word' id='word_1_258' title='bbox 1938 4311 1942 4315; x_wconf 85' lang='lat'><em>-</em></span> 
     </span>
    </p>
   </div>
   <div class='ocr_carea' id='block_1_6' title="bbox 395 4406 1833 4954">
    <p class='ocr_par' dir='ltr' id='par_1_6' title="bbox 395 4406 1833 4954">
     <span class='ocr_line' id='line_1_27' title="bbox 396 4406 1831 4508; baseline -0.003 -24"><span class='ocrx_word' id='word_1_259' title='bbox 396 4409 598 4486; x_wconf 83' lang='lat' dir='ltr'><strong>factoribus</strong></span> <span class='ocrx_word' id='word_1_260' title='bbox 615 4417 654 4482; x_wconf 93' lang='lat' dir='ltr'><strong>et</strong></span> <span class='ocrx_word' id='word_1_261' title='bbox 670 4409 876 4482; x_wconf 85' lang='lat' dir='ltr'><strong>camerariis</strong></span> <span class='ocrx_word' id='word_1_262' title='bbox 894 4410 1047 4482; x_wconf 87' lang='lat' dir='ltr'><strong>iiromm</strong></span> <span class='ocrx_word' id='word_1_263' title='bbox 1072 4409 1249 4482; x_wconf 80' lang='lat' dir='ltr'><strong>noinibus</strong></span> <span class='ocrx_word' id='word_1_264' title='bbox 1275 4433 1344 4507; x_wconf 90' lang='lat' dir='ltr'><strong>per</strong></span> <span class='ocrx_word' id='word_1_265' title='bbox 1372 4409 1495 4508; x_wconf 75' lang='lat' dir='ltr'><strong>spacio</strong></span> <span class='ocrx_word' id='word_1_266' title='bbox 1520 4409 1598 4482; x_wconf 85' lang='lat' dir='ltr'><strong>triu</strong></span> <span class='ocrx_word' id='word_1_267' title='bbox 1624 4406 1831 4481; x_wconf 85' lang='lat' dir='ltr'><strong>terminon&#39;i</strong></span> 
     </span>
     <span class='ocr_line' id='line_1_28' title="bbox 397 4553 1833 4657; baseline -0.003 -25"><span class='ocrx_word' id='word_1_268' title='bbox 397 4558 445 4634; x_wconf 89' lang='lat' dir='ltr'><strong>fic</strong></span> <span class='ocrx_word' id='word_1_269' title='bbox 461 4582 486 4657; x_wconf 79' lang='lat' dir='ltr'><strong>q</strong></span> <span class='ocrx_word' id='word_1_270' title='bbox 502 4566 577 4631; x_wconf 87' lang='lat' dir='ltr'><strong>tres</strong></span> <span class='ocrx_word' id='word_1_271' title='bbox 593 4555 745 4630; x_wconf 88' lang='lat' dir='ltr'><strong>termini</strong></span> <span class='ocrx_word' id='word_1_272' title='bbox 760 4555 802 4627; x_wconf 92' lang='lat' dir='ltr'><strong>in</strong></span> <span class='ocrx_word' id='word_1_273' title='bbox 818 4565 897 4630; x_wconf 75' lang='lat' dir='ltr'><strong>vnn</strong></span> <span class='ocrx_word' id='word_1_274' title='bbox 913 4563 1036 4628; x_wconf 74' lang='lat' dir='ltr'><strong>curret</strong></span> <span class='ocrx_word' id='word_1_275' title='bbox 1051 4554 1205 4629; x_wconf 88' lang='lat' dir='ltr'><strong>insoluti</strong></span> <span class='ocrx_word' id='word_1_276' title='bbox 1230 4565 1298 4630; x_wconf 91' lang='lat' dir='ltr'><strong>aut</strong></span> <span class='ocrx_word' id='word_1_277' title='bbox 1321 4557 1471 4654; x_wconf 72' lang='lat' dir='ltr'><strong>ipiomm</strong></span> <span class='ocrx_word' id='word_1_278' title='bbox 1495 4556 1621 4655; x_wconf 73' lang='lat' dir='ltr'><strong>alique</strong></span> <span class='ocrx_word' id='word_1_279' title='bbox 1643 4553 1833 4654; x_wconf 87' lang='lat' dir='ltr'><strong>aliquibus</strong></span> 
     </span>
     <span class='ocr_line' id='line_1_29' title="bbox 395 4702 1833 4806; baseline -0.004 -24"><span class='ocrx_word' id='word_1_280' title='bbox 395 4704 627 4806; x_wconf 87' lang='lat' dir='ltr'><strong>temporibus</strong></span> <span class='ocrx_word' id='word_1_281' title='bbox 645 4702 784 4778; x_wconf 82' lang='lat' dir='ltr'><strong>futuris</strong></span> <span class='ocrx_word' id='word_1_282' title='bbox 801 4709 930 4777; x_wconf 87' lang='lat' dir='ltr'><strong>contra</strong></span> <span class='ocrx_word' id='word_1_283' title='bbox 946 4725 1014 4776; x_wconf 92' lang='lat' dir='ltr'><strong>nos</strong></span> <span class='ocrx_word' id='word_1_284' title='bbox 1031 4710 1099 4777; x_wconf 91' lang='lat' dir='ltr'><strong>aut</strong></span> <span class='ocrx_word' id='word_1_285' title='bbox 1114 4703 1327 4778; x_wconf 84' lang='lat' dir='ltr'><strong>succelsores</strong></span> <span class='ocrx_word' id='word_1_286' title='bbox 1344 4703 1430 4779; x_wconf 73' lang='lat' dir='ltr'><strong>bros</strong></span> <span class='ocrx_word' id='word_1_287' title='bbox 1443 4704 1652 4802; x_wconf 86' lang='lat' dir='ltr'><strong>conspirare</strong></span> <span class='ocrx_word' id='word_1_288' title='bbox 1664 4702 1833 4803; x_wconf 83' lang='lat' dir='ltr'><strong>equitare</strong></span> 
     </span>
     <span class='ocr_line' id='line_1_30' title="bbox 395 4851 1831 4954; baseline -0.007 -23"><span class='ocrx_word' id='word_1_289' title='bbox 395 4854 585 4932; x_wconf 87' lang='lat' dir='ltr'><strong>ambulare</strong></span> <span class='ocrx_word' id='word_1_290' title='bbox 613 4852 817 4953; x_wconf 84' lang='lat' dir='ltr'><strong>malignare</strong></span> <span class='ocrx_word' id='word_1_291' title='bbox 846 4859 914 4928; x_wconf 87' lang='lat' dir='ltr'><strong>aut</strong></span> <span class='ocrx_word' id='word_1_292' title='bbox 930 4859 1034 4948; x_wconf 86' lang='lat' dir='ltr'><strong>ptem</strong></span> <span class='ocrx_word' id='word_1_293' title='bbox 1062 4875 1194 4954; x_wconf 87' lang='lat' dir='ltr'><strong>capere</strong></span> <span class='ocrx_word' id='word_1_294' title='bbox 1221 4851 1422 4927; x_wconf 83' lang='lat' dir='ltr'><strong>autoritate</strong></span> <span class='ocrx_word' id='word_1_295' title='bbox 1451 4851 1650 4926; x_wconf 69' lang='lat' dir='ltr'><strong>tabimodo</strong></span> <span class='ocrx_word' id='word_1_296' title='bbox 1673 4851 1831 4948; x_wconf 85' lang='lat' dir='ltr'><strong>dempta</strong></span> 
     </span>
    </p>
   </div>
   <div class='ocr_carea' id='block_1_7' title="bbox 0 0 2218 5842">
    <p class='ocr_par' dir='ltr' id='par_1_7' title="bbox 0 0 2218 5842">
     <span class='ocr_line' id='line_1_31' title="bbox 0 0 2218 5842; baseline 0 12"><span class='ocrx_word' id='word_1_297' title='bbox 0 0 2218 5842; x_wconf 95' lang='lat' dir='ltr'><strong> </strong></span> 
     </span>
    </p>
   </div>
  </div>
 </body>
</html>
