4425 5842
441 506 514 581 572
788 498 1148 595 nunnuunrn
1171 497 1522 577 nnnrnnnos.
1713 522 1888 579 saon.-

444 744 516 819 pus
541 718 687 820 legittie
712 728 812 807 etat(
836 724 902 798 iire
926 709 1054 823 {idiote
1068 732 1132 799 ret
1155 723 1228 799 boe
1251 724 1319 821 sup
1336 724 1443 797 iram
1459 720 1626 821 plenaria
1648 718 1891 795 forisfactura

444 867 491 941 In
510 868 593 944 cui?
610 868 685 943 Rei
702 871 875 945 testionir'r
904 870 1067 971 srgillum
1091 872 1260 946 nostrum
1284 872 1467 946 secretum
1492 866 1656 967 appendi
1672 866 1804 941 sesima
1820 866 1889 967 apd

424 1122 425 1127 Ν
444 1012 615 1090 Castrum
632 1016 757 1092 nostru
776 1017 824 1091 de
841 1016 1049 1094 Streveline
1065 1017 1212 1092 decimo
1228 1026 1364 1091 octauo
1380 1016 1443 1090 die
1458 1019 1574 1089 mend
1590 1013 1744 1097 octobr(
1764 1014 1888 1090 Anno

444 1166 511 1261 gie
539 1161 736 1237 millesrmo
768 1162 1135 1264 quadringentesrmo
1164 1162 1447 1263 quadragesrmo
1478 1160 1641 1236 secundo
1670 1160 1728 1235 Et
1755 1160 1888 1259 Regni

444 1310 557 1385 nostri
573 1310 698 1383 sexto·

444 1603 554 1678 uara
571 1603 619 1677 re
634 1603 843 1700 rhemon
860 1604 908 1681 de
924 1602 1042 1678 etu-

443 1876 643 1972 Willmus
661 1898 798 1974 Comes
815 1896 862 1971 de
877 1898 1050 1997 Douglas
1083 1906 1123 1970 et
1149 1896 1198 1970 de
1213 1894 1409 1969 Anendale
1423 1918 1468 1969 aa
1484 1893 1678 1969 Dominus
1696 1894 1882 1969 Golwidie

441 2044 629 2121 Vniuersrs
645 2054 685 2120 et
701 2045 854 2146 smgulis
869 2046 978 2144 putes
1002 2047 1074 2118 iras
1099 2044 1311 2143 inspectare
1329 2040 1499 2117 Salutem
1515 2048 1531 2115 i
1548 2042 1721 2117 Domino
1739 2042 1882 2141 Sempi-

440 2202 586 2267 temam
602 2192 759 2269 'Sciatis
775 2219 802 2291 q
817 2216 907 2267 eum
924 2191 1084 2291 aliq‘diu
1112 2192 1211 2265 inter
1240 2214 1310 2264 nos
1334 2196 1373 2263 et
1395 2185 1594 2263 adoeffores
1612 2190 1698 2263 irros
1714 2212 1765 2263 ex
1780 2213 1879 2264 vuar

441 2350 478 2413 et
508 2316 682 2414 vedables
711 2348 750 2413 et
779 2338 987 2438 Religiosos
1014 2338 1116 2412 uiros
1143 2335 1296 2412 Assem
1328 2343 1369 2409 et
1403 2334 1621 2410 conuetum
1654 2308 1806 2433 mo‘slij
1835 2335 1881 2408 de

440 2484 601 2560 Mehose
617 2484 695 2559 nes
711 2487 796 2559 bros
813 2508 862 2559 ex
878 2484 993 2558 altera
1008 2491 1113 2558 mota
1128 2482 1207 2557 fiue
1222 2491 1354 2557 exorta
1368 2480 1491 2556 fuillet
1507 2482 1653 2581 questio
1673 2482 1785 2581 super
1800 2482 1880 2555 iure

439 2632 610 2714 libertate
627 2630 803 2708 videlicet
830 2654 877 2705 an
906 2630 1077 2705 homines
1093 2628 1228 2703 famuli
1251 2628 1411 2705 duitores
1439 2636 1479 2703 et
1493 2628 1745 2703 inhabitantes
1761 2628 1878 2703 dieto

439 2804 525 2855 rum
543 2778 822 2878 Religiosorum
838 2778 1005 2853 virorum
1029 2776 1114 2851 lib⁹i
1140 2794 1167 2854 t
1193 2777 1316 2876 quieti
1331 2782 1418 2853 ient
1440 2801 1463 2849 a
1488 2776 1600 2876 ourijs
1622 2775 1756 2851 nostris
1770 2775 1819 2850 de
1841 2776 1876 2851 le

439 2926 601 3003 boundis
629 2926 760 3002 foreste
787 2926 909 3001 nostre
925 2925 973 3000 de
990 2924 1145 3000 Ettrilre
1169 2924 1218 2999 lio
1244 2952 1271 3024 q
1295 2947 1374 2998 non
1399 2923 1581 2998 deberent
1608 2922 1775 2998 arrestari
1804 2922 1877 2998 flue

441 3074 615 3173 compelli
642 3098 711 3174 per
734 3072 910 3149 officiales
935 3087 961 3148 t
988 3072 1176 3148 ministros
1200 3073 1286 3146 iiras
1309 3070 1359 3145 ad
1383 3069 1503 3146 dietas
1526 3071 1647 3146 curias
1673 3071 1758 3145 iiras
1782 3092 1879 3145 oom-

439 3245 568 3321 parere
594 3230 634 3297 et
658 3222 802 3296 ibidem
819 3218 944 3321 legem
962 3220 1110 3319 iiiarum
1125 3219 1249 3295 subire
1266 3234 1292 3292 “t
1309 3216 1481 3292 nondum
1506 3216 1631 3292 adhue
1648 3217 1782 3316 Sopita
1805 3217 1881 3293 fiue

440 3368 622 3443 declarata
636 3394 650 3441 l
665 3368 745 3444 Nos
774 3391 866 3443 uero
889 3366 1127 3443 attendentes
1147 3374 1187 3439 et
1210 3364 1455 3439 oonsrd⁹antes
1480 3362 1713 3465 multiplices
1738 3364 1879 3439 fauores

440 3514 547 3589 nobis
564 3524 603 3588 et
614 3512 895 3588 antecelloribus
908 3514 983 3587 dria
996 3537 1063 3612 per
1073 3512 1235 3611 prefatos
1248 3510 1456 3613 Religiosos
1473 3512 1576 3587 uiros
1591 3519 1775 3596 retroacte
1786 3521 1881 3587 tem-

440 3661 522 3757 pib3
536 3660 719 3757 impensos
731 3659 921 3759 salutemq„
936 3658 1062 3733 anime
1077 3660 1145 3732 iire
1161 3666 1201 3733 et
1216 3661 1429 3733 animarum
1444 3656 1715 3733 anteoefforum
1728 3660 1879 3734 drotum

441 3832 483 3883 ao
500 3806 688 3907 Suffragia
704 3805 854 3907 Spualia
868 3830 938 3906 pro
955 3806 1063 3881 nobis
1078 3804 1240 3881 bedibus
1256 3812 1296 3879 et
1311 3800 1544 3901 suooellorib'3
1567 3806 1702 3880 nostris
1717 3830 1787 3905 per
1801 3806 1880 3907 ipos

440 3928 654 4056 imposlbm
680 3952 757 4029 Dei
781 3954 904 4056 gracia
933 3952 1186 4053 impendenda
1200 3979 1213 4026 l
1227 3952 1377 4027 Damus
1403 3960 1444 4025 et
1470 3951 1714 4026 concedimus
1742 3976 1787 4026 ao
1813 3976 1882 4051 pro

441 4106 549 4180 nobis
576 4104 774 4181 heredibus
801 4112 841 4177 et
870 4102 1141 4179 Suocefforibus
1168 4099 1298 4176 nostris
1325 4098 1585 4200 quibuscumq,
1616 4108 1746 4174 tenore
1779 4098 1879 4195 lintis

440 4251 566 4348 scripti
581 4251 820 4349 imppetuum
838 4249 1102 4325 oonfirmamus
1117 4247 1327 4349 prescriptis
1343 4244 1524 4345 Religion
1544 4245 1635 4322 uiris
1659 4252 1787 4317 totum
1804 4243 1833 4318 J
1834 4266 1879 4317 us

442 4411 469 4471 t
486 4396 513 4470 J
514 4396 592 4467 uris
608 4394 793 4470 olameum
810 4394 837 4468 fi
854 4394 959 4493 quod
975 4417 1043 4469 nos
1065 4392 1303 4469 anteoeffores
1329 4391 1483 4467 heredes
1512 4402 1553 4467 et
1579 4388 1793 4467 suoeeffores
1820 4389 1880 4465 nri

444 4542 625 4618 habemus
651 4540 864 4615 habuerunt
889 4539 1024 4615 habere
1052 4542 1262 4639 poterimus
1285 4540 1349 4615 seu
1365 4512 1499 4639 polint
1514 4539 1592 4639 fiue
1607 4539 1717 4613 nobis
1733 4538 1798 4613 vel
1813 4537 1882 4636 ipis

442 4663 616 4790 compele
631 4661 732 4789 poht
747 4710 948 4787 quoeumq3
963 4687 1045 4762 iure
1060 4686 1261 4787 priuilegio
1272 4689 1336 4763 seu
1350 4684 1624 4763 consuetudine
1640 4686 1691 4761 ad
1707 4684 1882 4761 arrestau·

440 4841 534 4918 dum
560 4841 622 4915 seu
651 4834 952 4938 compellendum
978 4835 1150 4913 homines
1174 4834 1337 4913 famulos
1364 4832 1526 4911 luitores
1558 4841 1600 4911 et
1628 4831 1882 4909 inhabitantes
