4425 5842
419 523 492 600 660
770 523 1134 603 ΜΠΝῘΜΕΝΤΑ
1158 523 1239 600 DE
1265 522 1508 602 MELnos.
1550 545 1854 604 aucam-xm.

418 742 557 819 Charta
574 743 734 822 Cristine
748 745 925 824 Vardlaw
939 746 989 822 de
1005 744 1196 822 Endoun·

306 1037 370 1104 sos
420 1015 729 1114 Omnibusnane
744 1047 884 1114 aram
898 1037 1102 1114 vnmaver
1115 1036 1474 1112 auditurisJaeobus
1482 1035 1855 1135 pemmonenvsm

418 1183 530 1258 abbas
547 1185 759 1262 monasterii
772 1186 821 1261 de
830 1185 972 1260 melroll
982 1183 1153 1264 Salutem
1162 1185 1202 1258 in
1215 1184 1370 1260 dominc
1381 1184 1644 1284 sempiternam
1661 1183 1855 1262 Noueritis

417 1353 485 1406 nos
501 1355 589 1406 cum
605 1331 720 1432 pleno
736 1333 913 1409 consensu
931 1341 973 1408 et
989 1331 1126 1408 offensu
1144 1330 1366 1407 venerabilis
1385 1332 1426 1406 in
1442 1330 1577 1406 christo
1600 1333 1716 1430 panis
1732 1333 1854 1407 Alex-

416 1477 523 1553 andri
552 1479 785 1578 permiilione
812 1480 945 1556 diuina
973 1479 1241 1556 comendatarii
1265 1479 1360 1554 nso‘u
1382 1477 1431 1554 de
1460 1477 1611 1553 canon
1635 1479 1693 1553 iri
1725 1480 1852 1583 dietiq„

415 1623 627 1700 monasterii
656 1626 713 1700 iri
736 1624 785 1701 de
809 1616 951 1700 meh-oli
975 1626 1152 1725 Iconymi
1175 1647 1252 1700 vna
1274 1647 1364 1700 cum
1388 1624 1563 1701 consensu
1584 1625 1756 1702 eiusdem
1777 1627 1852 1702 loci

416 1771 473 1844 'riri
490 1781 699 1847 conventus
714 1771 939 1862 Quendam
955 1781 1096 1848 cartam
1113 1771 1237 1846 vitalis
1251 1771 1422 1847 redditus
1437 1771 1578 1846 iactam
1593 1781 1634 1846 et
1649 1775 1850 1848 concellum

415 1917 492 1992 Per
507 1915 690 1994 dilectum
706 1925 793 1994 nim
809 1919 998 1996 Jcennem
1006 1923 1172 1998 Stewsrt
1185 1917 1496 1995 feodifirmarium
1508 1917 1849 1996 nilleactemsrum

413 2065 462 2139 de
478 2065 647 2142 Eildoun
665 2065 825 2144 cristine
841 2065 1040 2143 Wardlsw
1064 2068 1130 2141 sue
1144 2067 1272 2166 sponse
1287 2066 1329 2142 in
1345 2063 1453 2141 vitali
1468 2063 1623 2142 redditu
1637 2089 1709 2165 pro
1724 2069 1847 2142 omni-

414 2209 486 2285 bus
501 2212 581 2287 vite
597 2213 661 2288 sue
677 2211 811 2288 diebus
827 2212 876 2286 de
893 2213 982 2288 totis
999 2219 1038 2287 et
1050 2213 1208 2310 integris
1224 2211 1334 2286 dictis
1348 2211 1454 2285 terris
1467 2220 1507 2285 et
1518 2209 1609 2285 villa
1620 2211 1670 2286 de
1678 2211 1850 2289 Eildoun

413 2381 502 2434 cum
526 2357 703 2434 domibus
728 2357 883 2434 edificiis
908 2357 1013 2434 toliis
1037 2357 1165 2432 crustis
1188 2357 1317 2454 ptibus
1340 2357 1550 2456 pascimin
1565 2365 1606 2434 et
1620 2357 1695 2434 suis
1718 2360 1850 2454 ptineii

413 2503 530 2578 Jacen
554 2503 651 2577 infra
668 2501 847 2578 dominini
871 2511 912 2578 et
934 2503 1170 2602 regalitatem
1194 2502 1243 2578 de
1258 2502 1402 2579 melrol
1423 2511 1464 2578 et
1479 2504 1782 2581 vicecomitatum
1796 2505 1848 2580 de

413 2647 628 2748 Roxbnrglr
653 2650 730 2725 Per
753 2671 821 2724 nos
837 2649 954 2724 visam
978 2649 1183 2749 inspectam
1206 2659 1247 2726 et
1270 2649 1473 2750 diligenter
1494 2651 1744 2728 examinatam
1767 2674 1846 2728 non

414 2796 530 2870 rasam
554 2817 632 2872 non
657 2794 897 2872 oenoeflnm
918 2795 1052 2871 autin
1077 2795 1205 2898 aliqua
1227 2804 1334 2896 parte
1356 2798 1422 2872 sua
1445 2797 1651 2898 suspectam
1680 2799 1757 2877 Sed
1779 2800 1846 2875 dni

413 2943 561 3043 prorsus
576 2945 674 3021 vicio
690 2953 731 3022 et
745 2943 951 3047 suspicione
975 2953 1165 3034 carentem
1189 2944 1237 3020 ad
1261 2943 1421 3044 plenum
1442 2944 1661 3022 intellexiffe
1685 2946 1755 3023 iub
1777 2945 1848 3022 hac

413 3093 536 3168 forma
564 3092 764 3170 Onnmos
788 3093 885 3168 hanc
900 3103 1042 3169 cartam
1059 3093 1193 3169 visuris
1218 3091 1280 3168 vel
1302 3093 1489 3168 audituris
1502 3093 1671 3169 Joannes
1688 3097 1848 3171 Stenart

413 3239 700 3316 feodiflrmanius
716 3239 806 3316 ville
821 3263 864 3316 ac
880 3247 1065 3318 terrarum
1083 3241 1138 3316 de
1162 3239 1332 3318 Eildouir
1360 3241 1530 3317 Salutem
1554 3242 1596 3316 in
1620 3242 1696 3318 drio
1712 3243 1846 3343 sempi-

412 3397 557 3463 tensam
588 3387 782 3464 Noueritis
815 3410 878 3461 me
907 3411 975 3486 pro
1001 3387 1289 3487 perimplcticne
1321 3389 1435 3464 nnius
1458 3389 1628 3465 claustrie
1658 3413 1743 3466 mee
1770 3392 1843 3488 ptis

412 3533 604 3612 cuiusdam
628 3540 847 3610 contractus
880 3533 966 3607 initi
990 3541 1039 3607 ct
1067 3533 1200 3612 eonati
1227 3535 1327 3610 inter
1352 3558 1415 3612 me
1440 3536 1489 3611 ab
1518 3560 1593 3612 vna
1622 3537 1679 3613 Et
1704 3537 1844 3614 alenmm

413 3680 609 3754 Wardlaw
625 3680 673 3754 de
691 3677 973 3754 Kalbabartcuri
990 3703 1087 3754 onus
1103 3704 1171 3780 pro
1188 3681 1348 3757 cristina
1363 3681 1560 3758 Wardlnw
1585 3683 1668 3760 eius
1684 3683 1762 3760 filia
1776 3686 1841 3781 sup

413 3831 448 3904 se
475 3828 655 3928 suscipied
682 3827 729 3903 ab
757 3827 872 3902 altera
897 3827 1025 3923 ptibus
1054 3828 1133 3904 Pro
1157 3830 1400 3905 matrimonio
1425 3831 1524 3906 inter
1546 3853 1611 3906 me
1635 3841 1676 3907 et
1700 3833 1842 3909 dictam

412 3977 598 4053 cristinam
616 3971 836 4052 celebrando
852 3973 987 4052 dedille
1004 3974 1206 4051 conceffille
1229 3984 1269 4051 et
1292 3975 1361 4051 hac
1385 3984 1485 4052 carta
1508 3999 1594 4052 mea
1618 3979 1844 4055 oculis-malfe

415 4123 570 4198 Necnon
589 4123 678 4198 dare
693 4121 896 4198 concedere
912 4130 951 4196 et
960 4120 1030 4197 hac
1041 4122 1126 4220 {inti
1137 4130 1238 4197 carta
1249 4146 1333 4198 mea
1344 4123 1564 4199 confirmare
1575 4123 1676 4201 dicte
1688 4124 1846 4200 cristine

411 4270 450 4341 in
469 4269 575 4342 vitali
591 4269 742 4343 redditu
757 4292 828 4367 pro
844 4267 1019 4344 omnibus
1035 4268 1117 4344 vite
1131 4268 1195 4344 sue
1211 4268 1344 4345 diebus
1361 4270 1477 4347 Totas
1492 4280 1533 4345 et
1547 4271 1709 4371 integras
1724 4277 1840 4344 terras

413 4435 513 4487 meas
529 4435 572 4488 ac
588 4412 717 4486 villam
732 4412 781 4486 de
797 4412 966 4488 Eildouii
983 4437 1072 4490 cum
1088 4415 1264 4490 domibus
1280 4415 1434 4491 edificiis
1456 4415 1574 4493 hortis
1591 4416 1697 4494 tultis
1712 4415 1842 4494 croftis

412 4560 538 4659 ptibus
553 4556 762 4660 pendiculis
777 4567 816 4634 et
832 4559 905 4634 suis
921 4561 1050 4656 ptineii
1061 4561 1171 4660 jacen
1185 4561 1285 4638 infra
1300 4561 1472 4639 dominiis
1486 4573 1527 4640 et
1542 4565 1779 4666 regalitatem
1794 4566 1844 4640 de

412 4705 555 4783 melroll
566 4715 606 4782 et
616 4706 921 4782 vicecomitatum
933 4705 982 4780 de
991 4706 1207 4809 Rnxburglt
1219 4708 1418 4786 'tenendas
1429 4718 1469 4786 et
1481 4710 1687 4788 Habendns
1700 4712 1843 4790 Omnes
1903 4686 1907 4690 Δ

414 4865 452 4932 et
478 4854 639 4957 singulas
664 4854 781 4932 dictas
807 4876 908 4932 meas
937 4862 1051 4933 terras
1075 4879 1120 4935 ac
1143 4854 1272 4934 villam
1296 4855 1346 4934 de
1361 4855 1533 4950 Eildoun
1556 4881 1646 4937 cum
1671 4860 1846 4940 domibus
1972 4911 1975 4915 -
