4425 5842
359 574 454 633 arc.
469 574 625 629 suum.
710 551 1069 631 MUNIMENTA
1094 552 1175 630 DE
1201 550 1442 629 MELROS.
1722 552 1794 625 623

360 776 629 879 Tranfl'srptum
646 776 750 853 bulle
761 778 969 880 pfirmactis
986 776 1157 853 socordis
1173 777 1220 852 de
1237 778 1337 852 deris
1353 776 1402 851 de
1418 774 1640 876 gaitschaw·

244 1080 311 1147 593
359 1048 558 1145 Vniuerlis
583 1078 622 1145 et
645 1070 797 1170 lingulis
826 1071 906 1169 lites
934 1076 1007 1145 iras
1031 1070 1109 1145 siue
1138 1070 1207 1169 pins
1224 1068 1377 1169 publicu
1405 1068 1631 1167 transumpti
1659 1068 1796 1144 instru-

359 1226 505 1291 mttum
522 1218 653 1292 visuris
677 1217 828 1293 lecturis
852 1190 959 1315 piis
982 1217 1167 1291 audituris
1185 1217 1345 1292 Willms
1361 1217 1547 1290 Wawane
1571 1217 1611 1289 in
1638 1215 1796 1291 decretis

360 1361 574 1438 licenciatus
590 1364 763 1439 eunoicus
781 1363 1005 1439 Abirdoneii
1022 1386 1065 1438 ac
1081 1362 1248 1438 officialis
1275 1362 1473 1440 Siiandree
1496 1363 1594 1437 infra
1617 1360 1796 1437 archidia-

360 1521 537 1586 conatum
553 1510 730 1585 laudonie
748 1512 868 1587 Saltm
885 1510 924 1584 in
941 1510 1017 1584 diio
1033 1483 1257 1609 sempidram
1275 1518 1315 1583 et
1330 1508 1485 1607 sontibus
1506 1509 1622 1584 fidem
1640 1508 1797 1583 indubia

362 1656 536 1731 adhibere
552 1657 746 1733 Noueritis
756 1684 783 1756 q
794 1680 872 1753 nup
885 1660 939 1731 ire
951 1656 1174 1732 Sanctiffimi
1190 1656 1231 1731 in
1247 1658 1323 1756 xpo
1340 1657 1415 1756 piris
1430 1664 1470 1731 et
1481 1656 1548 1731 diri
1564 1656 1631 1731 dii
1647 1656 1795 1731 honorii

360 1806 448 1881 dina
463 1805 703 1904 prouidencia
719 1828 815 1905 pape
840 1776 909 1903 Peij
927 1804 1010 1879 eius
1025 1828 1115 1879 vera
1141 1803 1245 1879 bulla
1268 1803 1403 1903 plubea
1426 1814 1472 1879 οῦ
1496 1802 1650 1879 cordula
1673 1803 1795 1878 sericis

361 1952 432 2029 filis
449 1974 553 2029 more
569 1977 723 2063 romane
737 1954 839 2028 curie
855 1951 1002 2053 pendeii
1013 1990 1023 2013 ·
1035 1954 1120 2026 sune
1135 1951 1258 2051 srquid
1273 1960 1312 2025 et
1336 1952 1483 2051 integre
1509 1960 1558 2025 no·
1574 1951 1710 2026 viciate
1726 1974 1797 2024 nec

363 2102 402 2175 in
428 2100 553 2199 aliqua
577 2103 634 2176 sui
650 2113 756 2201 parte
772 2101 936 2201 suspecte
951 2102 1013 2175 sed
1031 2102 1109 2175 οιῖιὶ
1125 2100 1271 2199 prorsus
1287 2100 1386 2174 vicio
1402 2108 1442 2173 et
1466 2099 1665 2199 suspitione
1689 2103 1797 2175 caret

363 2257 407 2321 vt
423 2248 464 2323 in
480 2249 561 2324 eius
575 2248 697 2346 prima
712 2250 808 2323 facie
822 2248 1023 2347 apparebat
1048 2247 1170 2321 Nobis
1195 2270 1263 2345 pro
1288 2254 1394 2346 parte
1410 2246 1632 2322 venerabilis
1656 2246 1697 2321 in
1722 2249 1798 2346 xpo

364 2396 436 2492 ‘pris
464 2394 636 2471 bernardi
664 2394 855 2492 pmiffione
884 2395 1014 2469 diuina
1042 2394 1186 2468 abbatis
1214 2364 1396 2471 monar‘tlii
1418 2394 1466 2467 de
1482 2394 1624 2469 melros
1640 2404 1679 2469 et
1696 2394 1801 2469 eiusd

362 2543 433 2618 loci
450 2552 604 2619 obustus
621 2544 750 2642 jintate
766 2542 873 2617 nobis
890 2542 1016 2617 fuer-ut
1033 2564 1126 2641 quas
1148 2564 1217 2615 nos
1240 2552 1287 2616 cfr
1312 2564 1356 2615 ea
1372 2566 1448 2641 qua
1464 2542 1592 2616 decuit
1609 2520 1801 2618 Redencia

363 2690 553 2766 Noueritis
569 2689 763 2791 Recepisse
780 2691 883 2765 innui
898 2689 967 2764 sub
979 2697 1109 2764 tenore
1127 2686 1322 2763 Honorius
1339 2690 1447 2787 Eius
1463 2690 1591 2764 seruus
1606 2688 1722 2798 suoru
1738 2692 1801 2767 dei

364 2837 509 2913 dilectis
536 2837 624 2911 filiis
653 2837 778 2911 abbati
807 2846 846 2911 et
874 2836 1027 2913 coustui
1052 2838 1100 2911 de
1124 2824 1260 2910 melros
1276 2808 1449 2911 CisPcieir
1465 2836 1606 2911 ordinis
1624 2838 1744 2913 Saitm
1760 2851 1801 2912 et

365 2985 524 3084 aplicam
542 2984 825 3060 'benedictioem
842 2984 870 3060 J
873 2984 961 3059 ultis
987 2984 1132 3083 pete'tisr
1158 2982 1345 3058 desideriis
1362 2983 1482 3085 dignu
1498 2984 1551 3058 est
1567 3006 1635 3059 nos
1654 2984 1801 3060 facilem

365 3132 518 3232 prebere
534 3132 749 3208 consensum
766 3140 805 3207 et
820 3142 909 3208 vota
921 3156 1030 3233 quea
1042 3132 1195 3207 rationis
1207 3132 1421 3206 tramiteno
1433 3132 1645 3208 discordant
1660 3132 1800 3208 effectu

361 3282 539 3382 psequete
556 3280 745 3380 complere
762 3282 822 3357 Ea
849 3258 970 3381 propiJ
992 3280 1122 3355 dilecti
1147 3280 1188 3353 in
1212 3280 1290 3354 dfio
1306 3278 1373 3379 lilij
1391 3279 1465 3354 iris
1481 3279 1510 3356 J
1511 3280 1601 3355 ustis
1627 3282 1799 3381 precibus

365 3428 814 3528 inclinati-compulitione
828 3403 893 3501 ini)
904 3451 972 3503 vos
989 3437 1029 3503 et
1046 3427 1198 3503 occiiam
1214 3426 1263 3501 de
1279 3426 1498 3505 merebothe
1513 3429 1623 3529 super
1646 3429 1801 3505 decimis

365 3577 646 3677 prouenietibus
675 3576 724 3651 de
750 3549 822 3650 ‘sris
851 3577 925 3651 iris
952 3573 1089 3651 habitis
1116 3586 1205 3651 ante
1230 3576 1383 3653 consiliu
1400 3576 1573 3677 generale
1597 3553 1807 3653 amicabili?

367 3726 506 3799 Initam
533 3727 627 3799 ficut
656 3724 731 3798 sme
764 3724 950 3823 prauitate
979 3724 1138 3823 proinde
1169 3724 1266 3798 sacta
1292 3724 1370 3799 estr
1385 3724 1442 3799 Et
1470 3725 1518 3800 ab
1550 3733 1666 3826 vtraq,
1697 3736 1804 3825 parte

368 3872 498 3971 sponte
513 3882 660 3971 recepta
675 3880 715 3947 et
730 3872 911 3946 haetenus
927 3871 1079 3971 pacifice
1095 3870 1254 3946 obfuata
1269 3895 1312 3947 ac
1327 3871 1368 3945 in
1385 3872 1548 3947 autetioo
1562 3872 1700 3947 exinde
1716 3898 1803 3948 con-

366 4017 465 4093 fecto
488 4018 636 4118 'plenius
653 4018 790 4093 dicitur
806 4019 990 4096 contineri
1014 4019 1217 4093 autoritate
1239 4017 1356 4115 ablica
1380 4018 1622 4092 confirmam9
1638 4027 1677 4094 et
1701 4019 1802 4118 lintis
1923 4093 1926 4098 Α

367 4168 500 4268 scripte
519 4167 725 4267 patrocinio
751 4168 1008 4242 communim9
1039 4165 1147 4241 Nulli
1167 4189 1258 4265 ergo
1274 4163 1429 4239 omnino
1445 4165 1549 4240 hoim
1574 4166 1683 4241 liceat
1707 4168 1803 4241 hanc

367 4316 584 4417 psginsiire
600 4313 894 4389 continuationis
919 4313 1123 4413 inliingere
1139 4312 1200 4387 vel
1224 4312 1258 4387 ei
1284 4313 1376 4387 ausu
1400 4312 1597 4388 temerario
1621 4316 1804 4391 contraire

369 4462 409 4536 Si
438 4463 522 4560 quis
549 4470 680 4541 autem
708 4460 782 4535 hoc
811 4470 1037 4562 attemptare
1066 4460 1330 4561 presumpserit
1354 4461 1636 4561 Indignatidem
1660 4465 1804 4561 or’r'ripo

369 4608 483 4684 tentis
494 4608 555 4683 dei
567 4617 606 4683 et
617 4606 771 4685 beatem
786 4610 882 4707 petri
900 4624 925 4682 t
944 4608 1046 4709 pauli
1062 4609 1175 4709 aiilon
1187 4610 1268 4685 eius
1279 4611 1316 4683 se
1328 4610 1478 4685 nouerit
1492 4610 1695 4685 Incursursr
1709 4612 1804 4685 Dat

367 4757 505 4833 lateraii
522 4765 631 4855 quito
648 4758 724 4830 noii
738 4754 838 4832 Julii
853 4754 1095 4854 pontificatus
1113 4758 1169 4832 irri
1187 4759 1307 4833 Anno
1323 4762 1433 4857 quito
1450 4756 1539 4831 Post
1555 4756 1803 4855 quarumqui-

367 4904 452 4979 dem
480 4907 619 4981 irarum
644 4901 851 5002 aplicarum
881 4902 1087 5001 putatidem
1117 4912 1158 4976 et
1189 4903 1412 5003 receptioem
1441 4900 1548 4976 nobis
1572 4909 1612 4973 et
1627 4928 1653 4996 p
1669 4925 1736 4975 nos
1759 4909 1803 4973 ut
