4425 5842
424 511 496 588 652
770 507 1131 592 MUNIMENTA
1154 509 1236 592 DE
1261 509 1503 593 MELROS.
1553 530 1855 592 suom-xva.

424 727 529 804 hfiioi
546 724 653 808 terris
669 729 885 808 soluendam
901 740 1053 808 tantum
1070 753 1140 830 pro
1155 731 1222 809 oui
1237 731 1311 808 alio
1325 753 1439 808 onere
1454 731 1652 810 exactione
1661 733 1857 832 questions
1945 741 1955 756 ·

423 875 610 952 demanda
624 875 688 952 seu
703 875 855 954 semitio
870 875 1022 952 seculari
1037 899 1115 976 quo
1131 877 1180 954 de
1195 877 1373 976 predictis
1388 877 1496 952 terris
1519 901 1610 956 oum
1633 879 1765 974 ptiueir
1788 901 1857 978 per

425 1022 626 1124 quoles-unq,
648 1023 743 1102 iuste
769 1023 873 1122 exigi
899 1031 1080 1123 poterunt
1106 1023 1393 1123 quomodolibet
1417 1023 1481 1101 vel
1508 1024 1672 1124 Requiri
1704 1026 1762 1101 Et
1786 1050 1859 1125 ego

426 1193 516 1244 vero
532 1167 697 1268 prefatus
710 1169 875 1245 Joanuea
888 1170 1050 1247 Stewart
1065 1169 1221 1246 heredes
1235 1171 1313 1244 mei
1328 1180 1369 1245 et
1383 1171 1552 1270 affignati
1568 1169 1684 1246 Totas
1704 1179 1746 1246 et
1765 1172 1861 1247 inte·

424 1339 507 1416 gras
524 1315 708 1415 predictas
724 1338 825 1390 meas
841 1322 955 1390 terras
971 1337 1013 1389 ao
1029 1313 1161 1390 villam
1176 1314 1226 1389 de
1241 1313 1394 1390 eildouii
1409 1337 1500 1392 oum
1516 1315 1591 1392 suis
1614 1316 1745 1412 ptineii
1761 1317 1861 1411 dicte

426 1461 584 1536 Cril’due
599 1462 640 1536 iu
657 1459 763 1556 vitali
779 1460 931 1536 redditu
948 1460 996 1537 In
1012 1461 1190 1538 omuibus
1213 1469 1253 1536 et
1276 1485 1345 1560 per
1367 1461 1496 1536 omnia
1518 1459 1640 1536 forma
1663 1463 1801 1560 pariter
1819 1473 1859 1543 et

424 1609 563 1686 effectu
579 1617 624 1684 vt
646 1606 861 1708 premitlum
878 1607 932 1684 est
956 1617 1085 1684 oontra
1108 1631 1240 1684 omnes
1263 1607 1439 1684 mortales
1454 1609 1781 1687 warantizabimus
1803 1635 1860 1684 ao

424 1755 679 1856 quietabimus
703 1765 743 1830 et
764 1757 1048 1858 imperpetuum
1071 1754 1322 1831 defendemus
1339 1755 1559 1833 Secundum
1582 1765 1860 1857 tenorempre·

423 1903 732 1978 fati-contractus
758 1902 807 1978 de
835 1902 923 1978 data
946 1902 1048 2003 apud
1066 1901 1295 2002 Ediuburgd
1310 1900 1486 1978 vioefimo
1501 1903 1640 2002 quinto
1664 1903 1728 1978 die
1752 1905 1859 1980 metis

422 2049 599 2126 februarii
622 2071 722 2125 anuo
747 2048 814 2123 diri
837 2046 1032 2124 millefimo
1048 2057 1230 2148 mugram·⁰
1245 2047 1471 2147 sexagefimo
1486 2047 1646 2147 septimo
1678 2049 1728 2125 In
1752 2051 1861 2127 ouius

422 2195 498 2271 Rei
527 2195 741 2270 testimonia
769 2194 859 2272 huic
887 2195 971 2294 {inti
997 2203 1097 2270 oarte
1121 2217 1207 2282 mee
1230 2217 1349 2270 manu
1364 2217 1451 2270 mea
1465 2195 1661 2294 subscript⁴
1680 2195 1859 2296 Sigillum

423 2367 553 2418 meum
582 2344 777 2443 proprium
807 2341 860 2418 est
883 2342 1089 2442 appensum
1113 2341 1217 2440 apud
1242 2339 1471 2440 Ediuburgh
1494 2340 1643 2416 decimo
1667 2342 1772 2418 sexto
1797 2343 1859 2418 die

423 2488 556 2564 menfis
581 2489 715 2564 Martii
747 2509 847 2560 anno
880 2487 965 2562 Diii
994 2486 1190 2561 miflefimo
1216 2491 1405 2586 quigenma
1442 2485 1669 2587 sexagefimo
1698 2489 1857 2587 septimo

421 2657 545 2710 ooram
562 2633 634 2708 hiis
650 2631 806 2710 testibus
823 2631 993 2708 Hearioo
1009 2631 1208 2708 Wardlaw
1224 2633 1310 2706 no'¹⁰
1324 2631 1478 2732 publioo
1508 2632 1642 2708 Carolo
1658 2631 1856 2711 Dikesoud

420 2803 506 2856 meo
536 2781 643 2856 seruo
675 2777 888 2855 arohibaldo
919 2777 1043 2854 millar
1075 2787 1116 2854 et
1147 2779 1283 2856 adamo
1314 2779 1434 2855 sohoir
1460 2803 1550 2856 oum
1579 2779 1730 2858 diuerfis
1771 2779 1853 2860 aliia.

420 2928 706 3027 Quamquidem
722 2935 862 3004 cartam
877 2925 1003 3004 vitalis
1019 2926 1190 3004 redditus
1207 2927 1449 3002 donationem
1469 2932 1510 3000 et
1532 2925 1798 3009 oouoeffiouem
1814 2929 1855 3002 in

420 3070 552 3152 eadem
568 3082 761 3150 contentas
776 3075 817 3148 in
834 3074 943 3150 uibus
959 3074 1034 3148 suis
1048 3075 1202 3173 punctis
1216 3072 1389 3150 clausulis
1404 3070 1571 3148 articulis
1591 3071 1716 3148 modis
1730 3081 1772 3150 et
1787 3074 1855 3148 oir-

419 3222 608 3298 mstantiis
622 3222 697 3298 suis
713 3221 972 3320 quibuscum,
986 3219 1108 3295 forma
1122 3219 1262 3318 pariter
1277 3227 1316 3293 et
1338 3217 1476 3295 effectu
1493 3224 1539 3295 st
1561 3218 1779 3318 premilsum
1805 3221 1858 3299 est

413 3369 501 3444 Nos
518 3390 607 3442 oum
625 3365 799 3442 oonsensu
824 3372 863 3438 et
887 3363 1024 3437 assensu
1048 3362 1226 3462 predictis
1249 3363 1542 3440 Ratifioauimus
1567 3365 1859 3464 approbauimus

415 3541 461 3590 ac
477 3538 546 3614 pro
562 3513 669 3587 nobis
685 3519 725 3584 et
736 3507 993 3584 suooefforibus
1006 3509 1081 3584 m
1094 3531 1164 3605 pro
1175 3516 1360 3608 perpetuo
1373 3507 1682 3587 oonfirmauimus
1694 3520 1855 3612 terroreqs

419 3660 571 3758 fontium
596 3655 861 3730 confirmamus
886 3653 976 3730 Sine
999 3653 1128 3752 aliqua
1149 3653 1411 3730 Reuooatioue
1427 3657 1722 3738 oontradiotione
1737 3660 1854 3760 impe·

420 3807 562 3882 dimoto
578 3811 646 3884 aut
661 3800 849 3880 obstaculo
866 3799 1020 3900 aliquali
1037 3800 1158 3878 Saluis
1174 3810 1302 3880 tamen
1319 3802 1428 3879 nobis
1443 3810 1484 3878 et
1499 3802 1760 3883 suooefforibus
1782 3809 1855 3884 siris

420 3953 565 4032 iuribus
590 3959 629 4028 et
653 3949 813 4027 seruitiis
836 3948 884 4023 de
911 3948 1092 4048 prenoitis
1123 3947 1229 4023 terris
1253 3971 1297 4024 ao
1312 3948 1402 4024 villa
1426 3949 1474 4026 de
1499 3950 1652 4031 eildouri
1678 3976 1768 4030 oum
1783 3953 1856 4030 suis

418 4101 548 4197 ptineir
573 4108 660 4175 ante
682 4100 813 4197 {intem
835 4099 941 4172 inam
966 4095 1289 4172 oonfirmationem
1315 4096 1420 4195 prius
1444 4095 1582 4174 debitis
1605 4108 1645 4174 et
1669 4099 1851 4174 oonsuetis

419 4249 576 4344 Insuper
591 4244 768 4321 volumus
784 4251 825 4319 et
840 4243 1083 4320 oonoedimus
1099 4251 1139 4319 et
1155 4267 1244 4320 oum
1267 4244 1443 4318 consensu
1467 4243 1627 4344 predict·
1650 4267 1719 4341 pro
1742 4243 1850 4324 nobis

418 4405 458 4470 et
473 4391 729 4468 suceefforibus
758 4391 833 4464 siris
853 4389 1102 4466 Decernimus
1120 4398 1160 4464 et
1175 4390 1392 4466 ordinamus
1407 4391 1512 4491 quod
1529 4389 1672 4492 prefata
1688 4431 1849 4458 ······

417 4549 456 4617 et
472 4535 649 4616 conoeffio
665 4535 757 4610 dieti
773 4533 897 4610 vitalis
916 4534 1145 4612 redditurae
1162 4536 1274 4612 uuna
1290 4545 1399 4636 capta
1415 4561 1483 4637 per
1498 4537 1640 4614 dictam
1654 4537 1854 4614 Cristinam

416 4689 465 4764 de
480 4682 748 4788 prenominatis
765 4683 871 4758 terris
888 4690 927 4758 et
943 4681 1034 4758 villa
1048 4682 1096 4757 de
1112 4681 1267 4758 eildouii
1283 4706 1371 4759 oum
1384 4683 1459 4762 suia
1468 4686 1641 4783 pertinen
1654 4693 1744 4761 ante
1759 4685 1853 4763 hano

418 4838 549 4934 purtem
573 4838 668 4910 ham
697 4829 987 4908 continuationis
1011 4827 1117 4914 nulla
1141 4830 1241 4908 erint
1266 4831 1372 4940 eausa
1393 4829 1644 4917 &ductionis
1662 4831 1856 4934 Recogni.
