4425 5842
411 560 623 617 mauu.
780 518 1238 616 uunmnnrn‘nu
1265 535 1506 615 nunnus.
1772 534 1844 609 su

411 767 553 834 veteres
569 758 695 857 anglie
711 758 890 835 Inimicos
908 768 1078 857 tempore
1094 783 1229 857 guerre
1245 758 1379 834 vltime
1390 758 1498 858 eleph
1518 754 1703 831 combust⁴
1718 763 1759 829 et
1774 753 1844 828 dis-

411 915 525 980 truct⁴
543 907 584 979 in
599 905 760 1004 pecunia
777 915 973 980 numerata
989 905 1124 1003 psolut
1142 904 1316 979 dedimus
1340 906 1578 979 concedimus
1602 903 1845 977 alledauimus

410 1051 690 1126 arrendauimus
706 1050 916 1126 locauimus
933 1061 972 1125 et
995 1052 1043 1125 ad
1059 1050 1310 1125 feodifirmam
1331 1052 1396 1123 seu
1421 1050 1676 1149 emphiteosim
1702 1048 1843 1124 heredi·

411 1199 503 1273 tarie
519 1197 733 1273 demisimus
751 1198 911 1296 predict*
927 1199 1071 1274 Jacobo
1088 1198 1309 1273 hereditarie
1325 1206 1364 1271 et
1380 1196 1472 1271 dier
1489 1199 1629 1273 Jonete
1644 1199 1688 1271 in
1698 1198 1844 1271 odir'rcta

410 1345 662 1420 infestatione
678 1353 717 1420 et
734 1370 805 1436 eos
824 1346 931 1421 arta-1
948 1346 1092 1421 diutius
1105 1347 1253 1421 vinens
1268 1354 1309 1419 es
1324 1345 1523 1420 heredibus
1539 1320 1613 1419 nl>
1623 1346 1703 1443 spos
1718 1345 1844 1443 ligitffi

410 1492 609 1589 procreatis
625 1491 689 1567 seu
706 1493 941 1591 procreandis
957 1494 1096 1593 quihus
1122 1492 1356 1568 deficietibus
1380 1492 1581 1585 heredibus
1604 1491 1713 1592 legfrs
1737 1492 1846 1589 ppin-

410 1638 606 1737 quioribus
622 1640 685 1715 seu
702 1639 886 1740 alligastis
902 1640 995 1713 dict’
1011 1642 1039 1714 J
1040 1640 1144 1715 acobi
1160 1639 1376 1741 quibuscr'up
1391 1649 1489 1715 totas
1511 1648 1551 1714 et
1575 1641 1739 1739 integras
1755 1664 1846 1737 qua-

410 1797 498 1859 tuor
513 1785 686 1861 solidatas
702 1759 852 1861 ‘dranum
870 1787 1020 1879 nostran
1036 1789 1184 1888 antiqui
1199 1796 1378 1862 extentus
1393 1786 1441 1861 de
1457 1783 1732 1885 montgarswod
1755 1809 1845 1859 cum

409 1934 538 2027 ptineri
555 1958 649 2032 quas
666 1934 759 2008 dier
776 1934 942 2011 Jacobus
958 1943 998 2009 et
1012 1936 1152 2021 Joneta
1167 1944 1243 2009 nr'rc
1261 1939 1445 2032 occupant
1461 1934 1579 2008 laceri
1604 1933 1651 2007 In
1678 1930 1846 2005 dominio

410 2082 477 2153 iiro
501 2078 549 2153 de
574 2080 714 2154 kilism²
738 2080 836 2155 infra
866 2081 1173 2157 vicecomitatum
1189 2082 1238 2156 de
1253 2081 1328 2155 Air
1352 2081 1541 2155 extendeii
1566 2085 1696 2154 annoti
1719 2082 1787 2153 hro
1804 2081 1844 2154 in

410 2226 542 2301 rentali
558 2228 598 2301 in
615 2228 724 2302 firma
740 2228 788 2301 ad
804 2230 951 2303 sumam
969 2238 1134 2328 quatuor
1148 2228 1352 2305 solidorum
1367 2228 1407 2301 in
1424 2228 1556 2325 aragiis
1572 2236 1612 2301 et
1629 2228 1783 2326 caragiis
1798 2228 1846 2301 ad

410 2374 556 2449 ffimam
574 2374 680 2465 duoop
697 2376 935 2452 denariorum
960 2384 1000 2449 et
1015 2385 1030 2448 i
1046 2375 1109 2475 lye
1132 2376 1305 2474 bondage
1329 2374 1438 2449 srluer
1461 2375 1509 2449 ad
1534 2377 1681 2449 sfimam
1705 2399 1846 2450 nouem

411 2522 590 2611 denar-ion
607 2522 742 2599 vsualis
771 2531 923 2599 monete
939 2521 1047 2623 regni
1061 2522 1175 2597 scotie
1198 2530 1314 2621 prout
1337 2524 1379 2597 in
1405 2529 1505 2596 carta
1529 2523 1595 2595 dra
1616 2522 1668 2599 eis
1693 2522 1848 2622 desuper

410 2670 579 2745 confecta
600 2670 713 2757 latius
728 2672 946 2748 continetur
961 2670 1081 2746 Vobis
1100 2671 1167 2772 Ig'r
1184 2678 1224 2745 et
1239 2674 1323 2744 vim
1342 2670 1497 2745 cuilibet
1513 2670 1716 2746 coniuctim
1734 2679 1774 2744 et
1791 2671 1847 2745 di-

409 2816 518 2889 uilim
544 2816 704 2890 firmiter
733 2818 960 2915 precipimus
987 2825 1028 2891 et
1053 2816 1281 2890 mandamus
1296 2819 1382 2916 qius
1398 2817 1482 2891 vifis
1506 2818 1660 2915 jintibus
1681 2818 1845 2893 Indilate
1963 2836 1968 2844 ’

410 2962 549 3037 statum
567 2962 718 3037 safinam
733 2963 831 3057 piter
848 2972 888 3037 et
903 2963 1157 3063 polleffionem
1182 2962 1411 3063 corporalem
1436 2964 1620 3039 actualem
1645 2973 1684 3038 et
1707 2965 1844 3039 realem

412 3115 579 3181 totarum
607 3117 647 3181 et
676 3109 857 3207 integrao
882 3094 1094 3207 bdieurum
1123 3107 1203 3207 iiij*
1226 3108 1406 3202 solidatas
1429 3082 1577 3185 irarum
1601 3132 1691 3184 cum
1715 3110 1845 3205 ptined

410 3255 503 3329 dict⁴
530 3255 556 3329 J
558 3256 673 3329 acobo
698 3253 921 3329 hereditarie
946 3263 985 3330 et
1001 3254 1141 3331 Jonete
1164 3256 1246 3331 eius
1265 3256 1418 3355 coniugi
1435 3266 1475 3330 et
1491 3280 1621 3331 eorum
1638 3256 1743 3331 alteri
1761 3257 1844 3333 diu·

409 3403 486 3478 tius
502 3401 623 3477 viueti
641 3403 691 3477 Irr
705 3402 878 3478 coniucta
894 3403 1155 3481 Infeodatione
1176 3403 1279 3479 sodm
1295 3413 1464 3480 tenorem
1489 3404 1631 3504 prefate
1654 3414 1754 3479 carte
1777 3409 1852 3489 dre,

408 3551 461 3625 eis
477 3550 633 3649 desuper
648 3549 809 3625 conlect‘
825 3552 851 3626 J
855 3552 934 3626 uste
949 3552 1077 3627 haberi
1095 3552 1239 3627 faciatis
1254 3563 1294 3627 et
1310 3552 1522 3628 deliberetis
1546 3561 1586 3627 et
1607 3554 1713 3628 nullo
1729 3555 1844 3629 modo

409 3699 593 3775 omittatis
609 3698 658 3773 ad
674 3698 779 3798 quod
796 3697 1011 3777 faciendum
1027 3700 1135 3775 robis
1151 3712 1190 3775 et
1207 3703 1291 3775 vim
1307 3698 1464 3775 cuilibet
1483 3702 1659 3777 coifictim
1684 3712 1724 3777 et
1747 3702 1844 3778 diui-

409 3846 477 3921 fun
493 3850 578 3921 n‘r'm
594 3846 799 3945 plenariam
815 3857 855 3922 et
872 3846 1153 3923 ineuocubilem
1170 3858 1299 3923 tenore
1311 3830 1463 3946 britium
1475 3849 1710 3923 comittimus
1725 3851 1843 3947 potes·

409 3999 530 4066 tatem
555 3991 604 4066 In
622 3996 729 4070 cuius
745 3995 799 4069 rei
826 3992 1040 4070 testimonir'r
1057 3992 1222 4093 sigillum
1251 4005 1414 4067 comune
1438 3993 1594 4092 capituli
1620 3994 1677 4067 dri
1701 3997 1844 4069 monas-

408 4138 494 4214 terii
509 4140 558 4215 de
574 4140 715 4217 melros
731 4166 805 4217 vna
822 4164 911 4216 cum
928 4142 1004 4216 bris
1019 4139 1348 4241 sublbn’ptionibus
1366 4138 1603 4215 manualibus
1620 4141 1774 4238 bntibus
1790 4143 1844 4217 est

407 4290 613 4387 appensum
631 4288 753 4389 Apud
770 4289 820 4366 Id
836 4288 1103 4365 monasterium
1118 4289 1299 4388 vigesimo
1323 4288 1385 4361 die
1409 4293 1522 4364 mend
1545 4287 1720 4364 februarii
1745 4314 1843 4365 anno

408 4432 476 4508 ddi
491 4434 686 4513 milledmo
702 4438 981 4537 quigentefimo
997 4437 1280 4540 quiquagefirno
1297 4436 1457 4536 quinto·
