4425 5842
394 570 491 625 nno.
507 568 609 624 Man.
760 550 1125 628 MUNIMENTA
1149 549 1230 627 DE
1257 548 1498 627 MELROS.
1757 548 1829 620 645

394 770 442 843 de
459 769 713 869 auchmelling
729 782 774 846 cu
796 772 926 867 ptinefi
950 759 1070 871 {lurco
1086 771 1231 847 Jacobo
1247 771 1313 871 gib
1339 738 1538 845 heredibus
1561 768 1636 843 suis
1660 774 1700 841 et
1724 766 1828 865 affig-

394 919 489 991 natis
507 918 555 991 de
571 918 679 992 nobis
696 926 736 991 et
753 919 828 991 iiris
844 918 1101 993 successoribus
1118 918 1178 991 dei
1207 918 1418 992 monasterii
1448 918 1496 991 de
1520 914 1663 989 menon
1687 913 1830 987 abbati*

393 1063 463 1137 bus
479 1064 541 1137 seu
556 1065 820 1163 pmendatariis
846 1074 885 1138 et
905 1066 1112 1164 puentibus
1142 1066 1183 1137 in
1213 1064 1420 1137 feodifirma
1449 1065 1513 1138 seu
1544 1058 1763 1157 emphiteofi
1793 1070 1832 1132 et

393 1208 599 1283 hereditate
618 1212 823 1308 Imppetur'r
842 1212 917 1286 Per
934 1236 1063 1288 omnes
1080 1221 1199 1286 rectas
1217 1220 1336 1285 metas
1353 1213 1435 1284 suas
1451 1209 1624 1306 antiquas
1640 1217 1680 1281 et
1696 1206 1829 1279 diuisas

392 1366 464 1449 put
480 1357 617 1431 Jacent
634 1359 673 1429 in
698 1356 938 1455 longitudine
965 1368 1003 1432 et
1032 1358 1236 1433 latitudine
1262 1358 1308 1430 In
1336 1356 1511 1430 domibus
1537 1354 1691 1429 edificiis
1715 1353 1831 1427 boscis

393 1502 512 1599 planis
531 1505 644 1577 moris
661 1479 797 1579 rilrefiis
814 1505 885 1579 viis
902 1506 1041 1579 semitis
1058 1507 1166 1605 aquis
1183 1505 1321 1604 stagnis
1345 1504 1475 1577 riuolis
1500 1503 1615 1600 pratis
1634 1501 1776 1599 pascuis
1793 1508 1832 1571 et

391 1650 549 1747 pasturis
570 1651 800 1727 Molendinis
817 1653 994 1727 multuris
1011 1662 1050 1726 et
1068 1660 1161 1726 eorsr
1179 1651 1337 1750 sequelis
1362 1648 1698 1748 Aucupationibus
1722 1670 1833 1721 vena-

390 1797 553 1871 tionibus
571 1798 832 1895 piscationibus
851 1801 999 1897 petariis
1024 1799 1199 1873 turbariis
1224 1797 1447 1871 carbonibus
1473 1795 1697 1871 carbonariis
1723 1794 1831 1867 cuni·

392 1944 485 2017 culis
502 1943 739 2018 cubiculariis
756 1945 941 2019 oolumbis
958 1945 1155 2021 colubariis
1179 1946 1302 2044 pomis
1328 1944 1504 2043 pomeriis
1530 1941 1727 2016 fabrilibus
1752 1940 1833 2013 bra·

394 2089 477 2163 finis
505 2090 663 2163 brueriis
690 2091 850 2188 genestis
876 2090 976 2164 siluis
1007 2090 1224 2163 nemoribus
1250 2101 1288 2165 et
1313 2088 1490 2189 virgultis
1514 2089 1628 2187 lignis
1651 2086 1834 2185 lapicidiis

394 2235 518 2335 lapide
534 2245 574 2311 et
589 2237 686 2310 calce
713 2238 814 2311 Cum
831 2238 942 2310 curiis
960 2246 998 2310 et
1015 2246 1102 2311 ean‘r
1133 2236 1299 2310 exitibus
1327 2234 1527 2331 here3eldis
1554 2234 1769 2308 hludewitis
1795 2242 1835 2307 et

394 2384 554 2457 mulieris
585 2359 741 2459 r‘rlchetis
773 2386 875 2458 Cum
899 2386 997 2457 coriti
1023 2386 1169 2483 pastura
1193 2383 1310 2457 libero
1338 2384 1499 2457 introitu
1516 2390 1556 2455 et
1571 2383 1679 2456 exitu
1706 2383 1769 2455 Ac
1786 2392 1834 2453 cu

393 2532 540 2605 offribus
569 2532 648 2606 aliis
674 2542 712 2605 et
736 2531 890 2631 singulis
906 2531 1142 2607 libertatibus
1170 2530 1464 2605 comoditatibus
1491 2530 1627 2623 pficuis
1653 2528 1834 2602 afiametis

393 2703 435 2751 ac
460 2680 564 2752 iustis
592 2680 722 2774 ptineii
749 2680 823 2753 suis
841 2680 1085 2777 quibuscunq,
1108 2677 1207 2753 Tam
1234 2701 1312 2751 non
1339 2676 1504 2750 noinatis
1519 2676 1737 2773 q‘noinatis
1755 2687 1835 2749 tam

393 2824 522 2897 subtus
542 2834 638 2897 terra
655 2825 700 2920 q‘
712 2826 820 2921 supra
837 2833 935 2897 terra
949 2824 1039 2919 pcul
1056 2833 1096 2897 et
1108 2847 1183 2922 ppe
1195 2825 1244 2897 ad
1260 2808 1405 2920 {idiotas
1421 2797 1506 2897 Pras
1523 2834 1571 2897 cu
1589 2823 1718 2917 ptineir
1735 2824 1835 2921 spec-

396 2970 564 3042 tantibus
603 2971 666 3043 seu
707 2970 802 3042 iuste
831 2970 992 3068 spectare
1021 2969 1131 3043 valeri
1164 2969 1450 3068 quomodolibet
1483 2972 1523 3043 in
1557 2969 1692 3044 futuru
1721 2969 1836 3045 libere

394 3119 523 3216 quiete
540 3115 704 3213 plenarie
720 3118 866 3213 integre
883 3116 1085 3191 honorilice
1101 3118 1198 3191 bene
1215 3120 1311 3192 etin
1329 3142 1420 3217 pace
1445 3118 1535 3195 Sine
1559 3116 1687 3216 aliquo
1715 3118 1834 3216 impe-

395 3265 536 3337 dimeto
553 3266 790 3338 reuocatione
807 3266 1099 3341 contradictione
1115 3275 1183 3340 aut
1199 3266 1388 3341 obstaculo
1404 3288 1593 3365 quocunffi
1620 3265 1834 3340 Reddendo

392 3410 481 3485 inde
499 3412 668 3485 annatim
685 3412 761 3485 dici
776 3411 943 3487 Jacobus
959 3414 1027 3512 gib
1044 3413 1200 3488 heredes
1226 3414 1282 3488 sui
1306 3423 1346 3487 et
1369 3412 1539 3511 affignati
1564 3411 1671 3485 nobis
1696 3420 1735 3485 et
1760 3413 1835 3487 iuis

395 3558 652 3633 successoribus
683 3560 776 3633 dicti
805 3560 897 3634 moru
923 3561 971 3634 de
999 3561 1142 3635 melros
1165 3561 1449 3636 abbatibus·seu
1466 3560 1750 3636 comendatariis
1769 3559 1837 3637 δῦ-

397 3729 499 3777 mam
524 3707 588 3779 sex
611 3705 770 3779 solidorn
796 3715 836 3779 et
851 3715 936 3781 octo
955 3706 1151 3783 denarioru
1169 3708 1402 3804 tanq‘firma
1425 3693 1600 3825 Edictan'r
1623 3680 1730 3784 iram
1750 3716 1838 3817 ante

397 3853 527 3949 putem
541 3850 835 3927 infeodationem
852 3851 944 3925 solui
960 3852 1065 3928 solita
1091 3862 1132 3927 et
1152 3856 1285 3953 psueta
1301 3855 1356 3927 Et
1372 3882 1400 3945 p
1417 3857 1572 3952 areagiis
1599 3864 1639 3928 et
1663 3856 1838 3951 careagiis

397 3996 501 4071 bmoi
518 4005 656 4073 terram
673 4000 818 4074 {umam
837 3999 910 4073 triu
931 3996 1130 4071 denariorn
1155 4000 1314 4073 Necnon
1340 4000 1490 4071 sumam
1513 4008 1612 4072 noue
1637 3999 1836 4075 denarion's

396 4172 424 4240 p
439 4144 489 4218 lie
504 4145 677 4245 bondage
692 4146 801 4221 filuer
818 4145 980 4219 eamnde
1005 4144 1068 4219 Ac
1084 4146 1208 4225 etiam
1225 4146 1373 4219 sirmam
1405 4144 1563 4243 triginta
1591 4143 1788 4219 denarioru
1812 4176 1839 4243 p

398 4293 676 4391 augmetatione
704 4290 765 4365 dei
791 4293 847 4364 riri
872 4290 1022 4365 tentalis
1046 4290 1137 4389 plus
1155 4292 1201 4389 ς’
1220 4292 1317 4388 vnq‘
1340 4299 1437 4365 terre
1453 4276 1616 4391 §scripte
1641 4292 1748 4367 nobis
1772 4307 1839 4368 aut

399 4422 668 4531 {ldeoefforibus
687 4439 762 4513 siris
778 4438 883 4536 prius
899 4438 1116 4532 psoluerunt
1131 4440 1193 4513 seu
1213 4435 1401 4511 dederunt
1413 4438 1619 4515 Extenderi
1633 4441 1675 4515 in
1691 4442 1840 4540 integro

401 4581 449 4655 ad
479 4583 628 4657 sumam
656 4585 743 4657 dece
772 4583 931 4660 solidorn
955 4593 995 4657 et
1019 4585 1140 4659 duon'r
1157 4585 1354 4660 denarioru
1378 4585 1427 4659 ad
1453 4586 1550 4659 duos
1574 4589 1638 4668 ani
1663 4590 1841 4661 terminos

400 4728 594 4803 consuetos
611 4727 701 4802 festa
715 4732 777 4804 viz
795 4730 1051 4829 penthecostes
1068 4740 1106 4807 et
1124 4732 1241 4805 sancti
1258 4706 1369 4805 bitini
1385 4732 1426 4805 in
1451 4732 1578 4806 bieme
1602 4756 1669 4829 per
1692 4731 1841 4829 equales

400 4876 590 4975 portiones
601 4875 715 4951 ubine
725 4874 933 4953 leodifirme
945 4878 1102 4955 Necnon
1116 4877 1272 4952 heredes
1284 4878 1344 4952 d'ci
1354 4877 1381 4951 J
1382 4877 1489 4951 acobi
1502 4876 1667 4951 reddedo
1680 4874 1841 4973 duplum
