4425 5842
427 538 501 613 610
792 530 1152 613 MUNIMENTA
1176 532 1257 607 DE
1284 528 1525 608 MELROS.
1600 548 1687 605 occ.
1705 548 1870 605 xv-xrr.

430 756 640 833 Evidencie
655 754 705 833 de
720 778 821 833 anuo
837 756 989 833 redditu
1006 763 1171 856 quatuor
1186 764 1355 830 marcaru
1369 752 1412 827 in
1428 748 1548 827 Leitb
1570 749 1700 847 ptined
1726 748 1818 848 pbri
1831 756 1868 823 et

431 903 589 981 mo‘chia
605 903 654 979 de
670 902 827 980 melros·

321 1219 385 1281 584
435 1178 488 1273 ln
514 1196 577 1272 dei
605 1206 732 1273 nomie
759 1196 863 1271 Arne
888 1216 956 1295 per
981 1194 1053 1269 hoc
1087 1194 1158 1293 fine
1190 1191 1388 1292 publicum
1424 1189 1700 1265 Instrumetum
1733 1188 1873 1263 cunctis

435 1352 561 1443 pateat
577 1344 775 1419 euidenter
789 1369 815 1443 q
831 1364 931 1417 anno
950 1340 1226 1417 incarnationis
1242 1339 1375 1414 Diice
1391 1335 1588 1413 millefimo
1604 1334 1874 1435 quigentefiino

434 1489 637 1567 vndecimo
655 1488 796 1567 Mentis
821 1512 911 1564 vero
936 1489 963 1563 J
965 1488 1045 1563 unii
1070 1488 1134 1562 die
1157 1488 1333 1562 vicefimo
1357 1493 1466 1585 quito
1492 1482 1710 1557 indictione
1733 1480 1876 1557 decime

437 1646 573 1738 quarta
588 1639 703 1713 Pon‘9
718 1636 930 1713 sanctiffimi
946 1637 986 1711 in
1006 1636 1114 1710 cristo
1130 1634 1245 1735 patris
1262 1642 1302 1707 et
1317 1632 1384 1708 diri
1401 1631 1460 1706 riri
1485 1630 1550 1704 diri
1568 1628 1664 1726 Julij
1690 1628 1781 1703 dIna
1796 1652 1876 1727 pro-

435 1784 552 1860 uideii
567 1808 665 1885 pape
680 1782 831 1859 secundi
850 1805 949 1856 anno
974 1790 1110 1857 octauo
1136 1781 1183 1855 In
1210 1780 1422 1856 nostrorum
1450 1774 1693 1877 publicorum
1718 1776 1876 1849 notario-

436 1954 525 2006 rum
551 1939 591 2006 et
620 1930 732 2007 testin
761 1929 1053 2029 lbbscriptorum
1082 1928 1189 2027 'pincia
1216 1925 1413 2023 psonaliter
1438 1924 1582 1999 acoeffit
1610 1922 1794 2023 prouidus
1817 1922 1876 1995 vir

436 2078 628 2155 Johannea
644 2078 795 2154 lethane
810 2075 1002 2177 burgensis
1019 2074 1132 2175 burgi
1148 2075 1197 2148 de
1214 2073 1445 2173 Edinburgb
1475 2070 1640 2146 balliuuc
1663 2070 1705 2145 in
1730 2070 1801 2145 bac
1816 2080 1878 2166 pte

436 2224 658 2303 venerabilis
674 2233 713 2299 et
729 2223 887 2324 religiofi
912 2225 984 2299 viri
1003 2222 1162 2322 dompni
1177 2220 1352 2295 barnardi
1366 2218 1442 2295 bell
1466 2218 1642 2295 monachi
1665 2218 1876 2293 monasterii

437 2373 485 2449 de
502 2372 659 2449 melroiu
676 2395 718 2446 ac
734 2369 951 2471 penfionerij
971 2370 1019 2443 de
1035 2367 1266 2467 mauchlyne
1281 2376 1404 2443 necno
1422 2364 1493 2441 filii
1517 2374 1557 2441 et
1581 2365 1729 2440 heredia
1745 2365 1876 2465 quood

437 2519 552 2593 Wiili
568 2517 644 2593 bell
666 2517 813 2616 burgeii
830 2517 924 2591 dicti
941 2516 1053 2615 burgi
1070 2516 1119 2590 de
1131 2515 1359 2615 Edinburgb
1371 2539 1440 2614 per
1450 2516 1554 2588 suam
1568 2516 1665 2588 imm
1676 2512 1876 2587 balliuatua

437 2666 616 2765 pgamino
632 2664 805 2763 scriptam
819 2662 1025 2772 specialiter
1040 2662 1267 2737 constitutur
1279 2694 1291 2735 ι
1303 2661 1373 2737 Ad
1385 2669 1506 2737 totam
1523 2668 1562 2736 et
1578 2662 1766 2759 integram
1780 2669 1877 2735 terra

439 2814 678 2915 posteriorem
697 2818 736 2888 et
749 2811 867 2888 domu
884 2812 1025 2887 vastam
1038 2812 1261 2885 anteriorem
1278 2810 1370 2885 olim
1387 2808 1595 2884 tenementi
1612 2808 1705 2882 dicti
1720 2809 1877 2907 dompni

438 2960 613 3037 barnardi
625 2972 700 3037 nuc
712 2962 842 3058 ptinei
852 2959 960 3035 aleno
971 2957 1326 3059 Wilsouneburgeii
1337 2957 1430 3031 dicti
1438 2955 1551 3055 burgi
1561 2979 1650 3031 cum
1662 2956 1877 3053 staiaptineii

439 3110 557 3186 Jaceii
573 3110 612 3183 in
630 3108 720 3183 villa
735 3108 783 3183 de
799 3107 892 3183 leitil
909 3130 958 3182 ex
976 3113 1040 3203 pte
1063 3089 1215 3181 australi
1236 3128 1334 3204 aque
1358 3102 1462 3178 eiuid
1486 3116 1561 3203 ppe
1581 3102 1657 3177 fine
1680 3102 1876 3177 austrudem

440 3256 565 3356 pontin
583 3254 631 3330 de
646 3254 740 3330 leitil
757 3255 796 3328 in
814 3253 1008 3354 regalitate
1028 3252 1077 3327 de
1103 3251 1313 3326 brochtouii
1340 3259 1380 3325 et
1395 3250 1492 3325 inti-a
1506 3250 1813 3325 vicecomitatum
1829 3250 1877 3324 de

431 3402 661 3503 Edinburgb
677 3402 775 3476 infra
791 3409 905 3475 terras
921 3399 1036 3474 sancti
1053 3398 1221 3475 leonardi
1239 3398 1286 3472 de
1305 3398 1398 3473 leitil
1415 3396 1464 3471 ad
1480 3396 1556 3472 line
1572 3396 1650 3474 liuc
1665 3408 1769 3496 ptem
1784 3399 1873 3473 occi·

441 3550 590 3626 dentale
605 3548 746 3624 earund
761 3550 861 3623 inter
878 3555 991 3621 terres
1004 3545 1137 3646 quond
1148 3544 1339 3620 alexandri
1349 3545 1493 3621 brovne
1505 3568 1555 3620 ex
1566 3555 1631 3642 pte
1641 3546 1815 3621 orientali
1829 3570 1877 3621 ex

442 3706 506 3796 pte
522 3719 598 3770 vna
614 3704 653 3771 et
664 3702 802 3769 terram
816 3694 956 3769 vastam
970 3692 1132 3770 Roberti
1144 3693 1279 3793 logane
1291 3692 1340 3768 de
1351 3692 1505 3767 cotfeild
1520 3717 1570 3768 ex
1581 3700 1647 3792 pte
1658 3692 1877 3770 occidentali

444 3870 492 3922 ex
515 3853 579 3943 pte
602 3842 717 3919 altera
743 3842 799 3919 Et
820 3841 962 3917 ibidem
980 3840 1205 3917 honorabilis
1223 3841 1281 3915 vir
1296 3840 1489 3935 Johannes
1511 3840 1760 3941 levingtoune
1788 3844 1880 3918 dicti

444 3994 558 4096 burgi
573 3992 718 4093 burgeb
736 3999 950 4068 actomctus
967 3988 1198 4066 venerabiliu
1216 3998 1255 4063 et
1271 3988 1488 4087 religioson‘r
1504 3989 1674 4063 virorum
1691 3990 1825 4089 prioris
1841 4000 1880 4065 et

277 4118 285 4233 f
445 4152 629 4219 conentur
645 4140 857 4216 monasterii
873 4139 920 4214 de
936 4136 1103 4214 melroilt
1117 4135 1249 4238 quodd
1264 4143 1487 4236 preceptum
1503 4134 1616 4212 soline
1639 4137 1730 4211 dicti
1745 4135 1880 4235 domp-

446 4288 487 4360 ni
503 4287 676 4362 bernardi
692 4285 768 4360 bell
784 4286 961 4385 pgemino
978 4284 1157 4384 scriptum
1174 4283 1240 4357 suo
1255 4281 1375 4383 figulo
1391 4306 1475 4358 cera
1489 4282 1573 4357 alba
1584 4282 1699 4358 rubea
1709 4281 1880 4381 impreffa

446 4455 550 4507 more
566 4432 673 4507 solito
690 4432 837 4531 pended
853 4430 1053 4533 figillntum
1070 4431 1215 4530 prefato
1238 4428 1405 4506 Johanni
1429 4429 1579 4507 lethane
1602 4428 1742 4505 balliuo
1757 4439 1882 4505 vu‘acu

446 4580 510 4655 sua
535 4582 590 4653 ira
622 4584 834 4652 actornatus
863 4576 1013 4677 ‘putauit
1038 4584 1077 4651 et
1107 4576 1331 4652 deliberauit
1355 4576 1603 4677 Requirendo
1632 4576 1707 4653 eud
1735 4576 1880 4653 buliua

447 4752 515 4829 pro
539 4726 763 4801 executione
787 4724 890 4801 eiusd
913 4724 1080 4824 precepti
1106 4724 1233 4799 debite
1257 4724 1498 4813 flende·Qui
1514 4747 1605 4799 vero
1621 4724 1761 4800 balliu?
1777 4726 1880 4801 dieta

446 4882 665 4976 preceptum
692 4872 803 4950 safine
828 4880 867 4948 et
891 4876 986 4949 iram
1015 4880 1228 4947 actornatoa
1246 4896 1294 4949 ra
1318 4872 1464 4971 prefato
1487 4871 1665 4948 Johanne
1689 4880 1881 4949 actomato
