4425 5842
1077 567 1144 618 1x¹

387 749 458 822 469.
481 744 787 834 [Lessrnswrue]
811 742 1013 809 Confirmatio
1035 743 1199 833 Redulphi
1222 744 1263 810 de
1283 746 1419 834 Nevyle,
1441 746 1560 814 domini
1581 748 1622 815 de
1643 750 1751 838 Rnby,
1772 750 1812 816 de

387 869 650 936 Wodfordehous
664 888 760 955 quam
775 866 935 932 Robertus
950 866 990 931 de
1005 865 1185 933 Wodfcrde
1198 867 1295 934 dedit.
1341 871 1432 959 Orr'g.

388 996 458 1062 470.
480 992 574 1058 Reus
579 992 619 1057 de
630 989 736 1056 Nevill
745 989 889 1077 seigneur
898 989 1043 1077 chsby
1051 992 1405 1076 granteoMecurosele
1413 993 1533 1058 munoir
1541 993 1810 1083 deLessydewyn,

396 1137 488 1203 apres
502 1137 557 1180 son
572 1114 691 1192 decess,
705 1112 810 1199 lequel
825 1111 966 1178 Monsire
980 1111 1121 1178 Edwsrd
1135 1113 1176 1178 de
1189 1112 1333 1180 Beilliole
1346 1115 1389 1181 eit
1400 1115 1482 1181 done
1494 1139 1515 1182 c
1527 1116 1583 1182 lui.
1629 1119 1720 1206 Orlg.

384 1241 453 1304 471.
470 1236 742 1325 Carteejusdem.
788 1237 877 1322 Orig.
927 1325 929 1336 .

381 1364 450 1430 472.
473 1360 662 1426 Endentour
677 1370 822 1447 perentre
841 1358 872 1422 lc
893 1379 1009 1424 mesme
1023 1359 1169 1447 seigneur
1181 1373 1213 1426 et
1226 1359 1258 1426 lc
1271 1373 1406 1430 oouvcnt
1420 1363 1461 1428 de
1476 1362 1606 1429 Melros.
1651 1365 1744 1454 On'g.

381 1485 451 1552 478.
476 1481 681 1548 Confirmatio
695 1482 719 1546 J
719 1480 851 1546 ohannis
863 1479 904 1545 de
919 1479 1026 1545 Nevill
1042 1480 1158 1547 militis.
1205 1484 1297 1571 Orig.

928 1726 1252 1796 TEVIOTDALE.

381 1856 451 1924 474
476 1853 592 1934 Quieta
602 1851 747 1918 clematio
756 1848 911 1916 Willelmi
922 1847 963 1916 de
972 1851 1089 1929 Rcule,
1104 1852 1145 1918 de
1155 1873 1262 1917 annuo
1275 1851 1401 1919 redditu
1412 1875 1457 1918 xx
1472 1853 1641 1920 solidorum
1656 1855 1697 1921 de
1712 1857 1803 1922 terris

377 1978 417 2042 de
431 1977 606 2044 Hunedun.
653 1977 744 2063 Orig.

380 2103 450 2168 475.
475 2098 651 2164 Indeuture
664 2097 704 2162 de
726 2095 918 2162 concessione
941 2094 1116 2162 medietatis
1139 2093 1264 2160 beronie
1288 2095 1329 2160 de
1343 2097 1480 2184 Wylton
1503 2119 1577 2162 cum
1601 2098 1803 2166 advocatione

378 2220 499 2286 ecclesie
513 2243 533 2284 e
550 2219 694 2285 Gilberto
709 2217 750 2282 de
766 2213 914 2282 Mcxwell
931 2213 1006 2280 dete
1025 2216 1222 2296 monasterio,
1248 2216 1336 2282 etde
1349 2239 1492 2306 regressu
1513 2217 1683 2284 mandem
1706 2230 1802 2287 ternu·
1880 2293 1883 2299 ,

377 2363 456 2422 rum,
471 2340 582 2408 solutis
596 2341 629 2406 xl
642 2339 731 2406 libris
744 2337 975 2425 sterlingorum.
1023 2339 1116 2426 On'g.

660 2704 813 2782 REGE
838 2704 1104 2782 ROBERTO
1130 2704 1186 2781 Il.
1238 2712 1512 2789 1370-1390.

974 2951 1199 3018 ABBACIA

375 3079 445 3147 476.
469 3074 673 3144 Confirmatio
688 3076 791 3164 Regia
805 3087 890 3142 carte
904 3075 1013 3142 David
1029 3077 1078 3142 11.
1096 3074 1205 3162 Regis,
1220 3072 1260 3138 de
1275 3073 1465 3161 Regulitute,
1481 3075 1523 3140 N.
1534 3077 1607 3142 485.
1653 3078 1744 3166 Orig.

375 3202 444 3269 477.
469 3198 674 3264 Confirmatio
689 3198 792 3286 Regis
805 3209 890 3264 curte
905 3196 1013 3264 David
1028 3199 1078 3264 11.
1095 3195 1196 3282 Regis
1209 3194 1251 3261 de
1264 3195 1388 3262 licentis
1402 3207 1535 3262 tractare
1551 3219 1625 3262 cum
1639 3199 1797 3287 Anglicis,

376 3323 415 3386 N.
432 3323 504 3392 489.
552 3322 643 3408 Orig.

373 3448 444 3512 478.
467 3443 671 3510 Confirmatio
688 3441 791 3530 Regis
804 3441 946 3507 omnium
960 3453 1118 3508 cartarum
1134 3453 1166 3506 et
1181 3441 1446 3506 munimentorum
1466 3440 1506 3505 de
1516 3442 1645 3506 Meiros.
1691 3445 1781 3532 orig.

371 3570 443 3639 479.
467 3567 671 3632 Confirmatio
683 3565 787 3653 Regia
797 3577 881 3630 carte
893 3565 992 3652 Regis
1003 3565 1109 3631 David
1122 3567 1170 3630 11.
1182 3563 1223 3628 de
1232 3576 1377 3630 custums
1386 3562 1540 3640 lanarum,
1552 3567 1594 3629 N.
1605 3563 1677 3630 486.
1702 3569 1793 3654 Orig.

372 3693 443 3756 480.
466 3689 540 3754 The
548 3688 719 3754 Wardanis
730 3699 857 3777 precept
873 3699 906 3752 to
920 3686 974 3753 the
986 3689 1172 3753 Custumers
1184 3686 1234 3752 ior
1244 3685 1370 3774 passing
1383 3685 1421 3750 of
1434 3685 1488 3751 tlre
1503 3686 1610 3774 wollys
1619 3687 1793 3776 withoutyn

372 3825 520 3879 custume.
567 3813 659 3900 Orig.

1026 4061 1135 4126 ABE.

372 4187 440 4250 481.
465 4187 563 4250 Certe
573 4184 682 4272 Regis,
697 4185 729 4249 in
746 4207 810 4272 qun
824 4183 1025 4250 confirmatur
1039 4195 1070 4248 et
1085 4183 1125 4249 de
1137 4183 1233 4248 verbo
1247 4181 1280 4246 in
1290 4182 1420 4248 verbum
1436 4193 1582 4246 narratur
1595 4192 1679 4247 curte
1692 4181 1791 4268 Regis

370 4309 475 4374 David
492 4311 541 4374 ll.
557 4308 597 4373 de
611 4307 812 4373 advocatione
826 4306 951 4371 ecclesie
966 4305 1070 4372 Sancti
1086 4305 1241 4370 «Iohannis
1254 4304 1294 4370 de
1308 4306 1386 4370 Are.
1432 4307 1523 4391 Orig.
1633 4351 1638 4356 -

369 4433 440 4496 482.
464 4429 667 4496 Confirmatio
683 4428 785 4516 Regis
798 4428 953 4516 privilegii
970 4428 1102 4493 Roberti
1117 4429 1145 4492 1.
1159 4428 1268 4514 Regis,
1299 4449 1394 4515 super
1417 4426 1615 4493 libertatibus
1636 4442 1789 4493 terrarum

370 4551 408 4616 de
422 4551 542 4630 Carrio,
566 4553 606 4616 N.
623 4553 696 4619 874.
743 4551 833 4638 Orig.
1570 4555 1574 4559 ’

370 4677 441 4741 488.
464 4673 669 4740 Confirmatio
679 4676 703 4739 J
704 4673 833 4738 ohannis
849 4673 1012 4740 Senescslli
1027 4673 1148 4740 comitis
1162 4673 1203 4738 de
1215 4673 1334 4752 Carrio,
1349 4673 1389 4738 de
1400 4670 1489 4738 terris
1503 4673 1587 4739 inire
1606 4671 1789 4738 comitatum

368 4797 407 4864 de
433 4797 542 4864 Cerric
567 4811 597 4861 et
620 4796 794 4860 dominium
819 4794 858 4862 de
880 4797 964 4884 Kyle
988 4819 1061 4863 cum
1083 4797 1113 4862 le
1127 4799 1289 4877 Bormum,
1312 4817 1432 4862 necnon
1446 4792 1487 4861 de
1502 4795 1735 4874 Edmundston,
1755 4807 1788 4858 et

370 4917 591 4987 Herticheuide
604 4917 638 4984 in
653 4917 827 4985 Laudonls.
874 4921 966 5007 Orig.

1040 5043 1060 5106 8
