4425 5842
372 568 574 637 anemae.
588 564 644 631 rr..
726 540 1087 630 MUNIMENTA
1111 542 1194 624 DE
1218 541 1462 625 Manuos,
1738 545 1813 629 tw

372 770 503 869 ptineii
525 768 653 847 Alano
671 767 848 847 Wilsone
871 767 1046 868 burgenfi
1073 767 1169 843 dicti
1196 764 1312 866 burgi
1335 766 1385 841 ds
1406 764 1638 868 Edinburgb
1667 764 1724 843 Iit
1748 790 1817 869 per

372 942 441 1003 uos
456 917 626 1019 predicto
641 915 751 993 alano
765 941 836 1017 pro
852 916 1069 1015 supradicto
1078 931 1179 991 anuo
1190 914 1345 990 redditu
1356 923 1522 1014 quatuor
1537 938 1749 992 marcarum
1765 915 1816 991 ln

372 1066 580 1146 scodiflrma
596 1064 819 1141 hereditarie
834 1062 967 1139 affedat
984 1063 1087 1138 Cum
1110 1062 1186 1137 suis
1211 1062 1452 1161 pertinencijs
1468 1062 1587 1138 Jaceii
1602 1063 1643 1137 in
1660 1060 1751 1138 villa
1766 1062 1816 1139 de

375 1208 492 1293 Leith
508 1235 558 1288 ex
573 1220 680 1312 parte
699 1210 848 1287 australi
872 1232 968 1311 aque
992 1208 1097 1287 eiusd
1120 1232 1240 1309 prope
1262 1207 1381 1285 finem
1405 1208 1605 1285 australem
1620 1210 1749 1309 pontis
1765 1211 1814 1285 de

375 1356 492 1439 Leith
521 1360 570 1434 In
586 1358 804 1458 Regalitate
829 1357 877 1433 de
902 1357 1112 1433 brocbtoun
1129 1366 1169 1431 et
1184 1356 1284 1432 infra
1304 1356 1612 1433 vicecomitatum
1630 1358 1679 1433 de
1693 1358 1816 1435 Edin·

374 1510 500 1610 burgb
514 1536 528 1584 r
541 1518 581 1585 et
596 1508 694 1583 insra
709 1516 825 1583 terras
842 1508 959 1583 sancti
974 1506 1143 1581 leonardi
1164 1505 1214 1582 de
1237 1504 1331 1581 leith
1357 1507 1406 1582 ad
1428 1506 1546 1581 finem
1571 1505 1649 1582 siue
1672 1516 1818 1607 partem

374 1655 644 1735 occidentalem
668 1656 783 1731 eanid
808 1654 916 1730 Inter
945 1663 1059 1729 terras
1083 1652 1190 1755 quid
1214 1653 1429 1730 Alexandri
1452 1652 1608 1729 Broune
1632 1678 1685 1731 ex
1709 1664 1818 1755 parte

377 1801 548 1882 orientali
572 1825 622 1879 ex
645 1810 752 1901 parte
765 1820 843 1877 vna
865 1810 905 1876 et
930 1808 1068 1875 terram
1083 1800 1227 1876 vastam
1243 1800 1405 1876 Roberti
1420 1799 1555 1900 logane
1570 1800 1620 1876 de
1636 1800 1819 1877 Coitseild

378 1974 427 2027 ex
442 1957 549 2051 parte
564 1948 785 2026 occidentali
801 1970 851 2023 ex
867 1954 974 2048 purte
990 1946 1105 2022 altera
1133 1946 1363 2023 'l'enendum
1387 1954 1427 2021 et
1451 1946 1600 2022 babend
1624 1956 1753 2023 totum
1777 1959 1817 2022 et

379 2098 581 2197 Integrum
605 2096 819 2196 predictum
836 2104 938 2170 annu
954 2094 1149 2170 redditum
1165 2102 1332 2194 quatuor
1355 2115 1566 2171 mereamor
1589 2118 1680 2171 cum
1704 2097 1820 2195 perti·

379 2242 523 2343 nencijs
534 2242 690 2343 prefatis
705 2242 819 2342 priori
836 2252 876 2319 et
896 2241 1061 2343 puentui
1085 2240 1175 2340 dictj
1201 2238 1414 2341 monasterij
1440 2241 1489 2317 de
1513 2240 1659 2317 melros
1682 2252 1724 2317 et
1745 2243 1820 2318 suia

381 2387 610 2486 smeffoubq,
629 2389 696 2488 qui
711 2411 782 2488 pro
798 2398 969 2488 tempore
984 2387 1130 2463 suerint
1146 2387 1195 2464 In
1208 2411 1343 2487 puram
1355 2396 1395 2464 et
1405 2387 1561 2463 liberam
1574 2388 1819 2465 donacionem

380 2560 422 2616 ac
449 2538 492 2615 in
518 2534 635 2613 seodo·
654 2543 694 2611 et
717 2534 926 2611 hereditate
955 2536 1242 2633 imperpetuum
1266 2533 1371 2610 Cum
1394 2533 1571 2609 omnibus
1596 2542 1636 2611 et
1660 2534 1815 2635 singulis

380 2682 615 2759 libertatibus
636 2680 910 2783 pmoditatibus
935 2680 1114 2780 proficuis
1139 2688 1178 2754 et
1202 2679 1412 2756 assumentis
1435 2704 1480 2756 ac
1503 2682 1621 2757 Justis
1645 2684 1819 2783 pertined

381 2830 455 2907 suis
471 2829 730 2929 quibuscumq,
747 2828 844 2903 'sam
861 2850 939 2902 non
955 2827 1160 2905 nominatis
1176 2827 1260 2925 q‘m
1274 2826 1479 2903 nominatis
1496 2826 1626 2928 procul
1642 2839 1683 2904 et
1703 2853 1820 2930 prope

383 2977 432 3052 ad
447 2976 594 3053 dictum
613 2988 713 3052 snuii
729 2975 922 3051 redditum
939 2982 1103 3074 quatuor
1119 2997 1331 3049 marcarum
1355 2986 1403 3049 cri
1427 2976 1599 3073 pertineri
1623 2976 1821 3075 spectanti.

384 3124 455 3200 bus
471 3124 535 3201 seu
551 3122 579 3198 J
579 3122 659 3197 uste
674 3124 837 3221 spectare
852 3120 1067 3197 valentibus
1082 3120 1370 3221 quomodolibet
1385 3122 1427 3195 in
1443 3122 1622 3198 futurum
1647 3123 1703 3198 Et
1726 3122 1821 3201 adeo

385 3268 499 3345 libere
515 3269 643 3368 quiete
658 3267 823 3369 plenarie
840 3270 996 3369 Integre
1012 3266 1217 3343 honorilice
1232 3267 1329 3343 bene
1344 3268 1442 3345 etin
1457 3292 1549 3368 pace
1563 3269 1605 3345 in
1629 3270 1752 3367 offrib3
1781 3284 1821 3347 et

385 3437 451 3515 per
465 3417 593 3492 omnia
607 3416 703 3491 sicut
718 3415 853 3515 aliquis
869 3426 992 3491 anuos
1009 3412 1180 3492 redditus
1196 3415 1298 3490 insru
1312 3426 1432 3516 regnu
1444 3416 1560 3491 scocie
1575 3416 1686 3517 alicuj
1705 3419 1821 3519 priori

385 3573 425 3638 et
436 3563 597 3666 puentuj
615 3562 800 3663 cuiuscuq,
815 3562 1025 3662 monasterij
1044 3561 1145 3639 infra
1160 3572 1280 3664 regni
1296 3564 1414 3639 scocie
1437 3587 1508 3665 pro
1531 3565 1766 3643 oracionibus
1781 3576 1822 3643 et

387 3710 569 3810 suffiagijs
585 3734 652 3809 per
667 3708 833 3808 aliquem
849 3708 1005 3785 liberius
1021 3709 1135 3786 datur
1149 3712 1213 3787 seu
1229 3710 1449 3787 conceditur
1469 3718 1538 3787 aut
1560 3713 1640 3788 dari
1656 3714 1719 3790 seu
1735 3737 1824 3789 con-

387 3856 471 3939 cedi
494 3864 674 3954 poterunt
689 3854 974 3955 qualitercumqs
996 3856 1038 3931 in
1062 3856 1239 3941 futurum
1254 3857 1320 3932 Ac
1334 3856 1411 3931 sine
1427 3857 1700 3933 Retinemento
1715 3883 1822 3936 reuo-

250 4064 258 4079 .
389 4003 536 4082 catione
550 4011 618 4077 aut
632 4003 924 4081 contradictione
940 4027 1140 4104 quacumq,
1153 4002 1234 4079 Pro
1248 4002 1424 4103 quoquid
1440 4014 1542 4079 anuo
1563 4004 1716 4081 redditu
1731 4030 1825 4106 qua·
1862 4068 1869 4081 ,

388 4158 476 4229 tuor
491 4172 700 4229 marcarum
717 4151 968 4229 Tenebantur
983 4151 1077 4227 dicti
1093 4150 1197 4251 prior
1211 4168 1239 4227 u·
1250 4160 1418 4253 puentus
1440 4150 1534 4227 dicti
1549 4150 1759 4253 monasterij
1776 4154 1826 4230 de

387 4298 531 4381 melros
553 4306 593 4374 et
616 4300 675 4375 sui
698 4297 913 4375 successores
928 4299 998 4399 qui
1021 4322 1090 4399 pro
1115 4286 1286 4399 tempore
1308 4298 1451 4377 suerint
1475 4299 1526 4376 In
1549 4298 1624 4377 suis
1647 4300 1762 4379 miffia
1784 4312 1826 4379 et

387 4445 621 4525 oracionibus
652 4446 827 4547 sulii-agia
852 4455 903 4522 et.
922 4470 1051 4547 preces
1075 4472 1145 4548 pro
1168 4448 1295 4523 anima
1319 4447 1441 4523 nostra
1463 4457 1505 4525 et
1527 4449 1724 4527 animabus
1747 4454 1827 4529 oim

389 4592 642 4692 predictorum
660 4593 819 4671 sundere
835 4602 874 4669 et
890 4618 1000 4670 orare·
1011 4596 1060 4671 ad
1076 4619 1209 4672 eorum
1233 4595 1387 4672 libitum
1403 4596 1612 4673 voluntatis
1634 4607 1750 4697 prout
1772 4601 1827 4673 eis

390 4738 526 4845 melius
542 4740 666 4817 visum
681 4740 796 4817 slrerit
811 4742 1004 4843 perpetuis
1018 4742 1159 4819 suturis
1181 4732 1415 4844 temporibus
1430 4744 1608 4821 'santum⁴
1627 4768 1697 4843 pro
1720 4745 1828 4820 omni

389 4888 462 4969 alio
486 4908 600 4967 onere
624 4887 820 4965 exacume
844 4888 1037 4987 questione
1061 4890 1249 4966 demanda
1271 4890 1337 4967 seu
1359 4888 1482 4965 suicic
1503 4888 1656 4967 seculari
1678 4914 1754 4989 que
1775 4886 1827 4967 de
