4425 5842
880 1119 886 1130 ·
906 1075 1224 1153 APPENDIX.

370 1337 399 1400 1.
424 1336 521 1402 Carta
536 1337 635 1423 Regis
650 1335 756 1402 David
772 1337 801 1402 1.
827 1335 867 1400 de
880 1335 1029 1414 abbacia
1054 1335 1162 1401 eodem
1178 1335 1244 1400 fere
1265 1331 1301 1399 in
1320 1331 1468 1401 omnibus
1481 1355 1554 1400 cum
1579 1344 1665 1400 carta
1689 1335 1732 1400 N.
1748 1337 1779 1401 1.

348 1471 351 1478 ’
369 1433 427 1524 Ex
441 1461 623 1550 apographo
636 1463 719 1527 inter
734 1465 757 1499 “
772 1461 957 1549 Diplomota
971 1459 1101 1526 Scaeae?

367 1584 397 1646 2.
432 1584 530 1648 Carta
553 1583 652 1670 Regis
673 1582 850 1649 Alexandii
874 1584 922 1649 11.
951 1582 991 1649 de
1006 1581 1153 1670 Ethryc;
1180 1605 1255 1670 quoe
1278 1583 1406 1648 invento
1431 1595 1478 1649 est
1499 1582 1779 1670 postquam-typis

369 1705 517 1772 mandata
530 1705 625 1772 fuerit
641 1709 682 1773 N.
698 1705 773 1774 264.
789 1705 830 1771 ad
845 1705 939 1772 fidem
955 1705 1078 1793 registri
1093 1705 1281 1772 vetustioris.
1328 1706 1420 1796 Orig.

365 1829 397 1892 3.
420 1829 518 1894 Carta
532 1827 686 1893 Willelmi
701 1827 741 1894 de
757 1830 840 1894 Brus
865 1825 906 1893 de
930 1827 1065 1916 piscario
1089 1826 1130 1892 de
1153 1825 1355 1914 Roinpotrik,
1380 1827 1466 1892 salvo
1488 1836 1613 1892 tontum
1627 1827 1776 1915 otmjone.

365 1949 444 2016 MS.
460 1950 558 2016 Harl.
576 1951 671 2022 3891.

365 2077 395 2137 4.
419 2075 517 2139 Carta
531 2073 686 2138 Willelmi
699 2073 740 2138 de
756 2075 840 2140 Brus
854 2072 895 2138 de
909 2072 1008 2138 salina
1022 2094 1118 2160 super
1132 2069 1279 2137 sabulum
1295 2071 1336 2137 de
1352 2069 1562 2159 Roynpotn'k.
1607 2073 1690 2137 Ibid-

364 2201 395 2260 5.
420 2199 517 2262 Carta
528 2195 658 2261 Ricardi
668 2195 825 2284 Fleming,
840 2195 1000 2261 camerarii
1009 2195 1165 2261 Willelmi
1181 2193 1222 2259 de
1235 2195 1330 2274 Brun,
1345 2194 1387 2260 de
1401 2195 1499 2261 salino
1511 2194 1552 2260 de
1563 2192 1773 2283 Royupatrik.

364 2321 445 2384 Ibid.
781 2341 783 2348 ’

364 2439 395 2508 6.
420 2443 624 2508 Confirmatio
639 2442 793 2508 Willelmi
808 2443 848 2508 de
862 2444 955 2509 Brun.
1000 2443 1082 2509 Ibid.

364 2569 394 2634 7.
419 2567 622 2632 Confirmatio
637 2566 771 2632 Roberti
785 2565 826 2632 de
840 2567 926 2632 Brus
940 2565 980 2632 de
994 2565 1127 2654 piscaria
1142 2578 1174 2632 et
1189 2564 1303 2631 salinis.
1347 2567 1429 2632 HM.

363 2689 393 2748 8.
419 2686 593 2752 conventio
615 2686 697 2753 inter
730 2687 850 2754 Meiros
883 2700 914 2752 et
945 2687 1179 2754 Holmoultrom
1215 2687 1262 2753 do
1288 2700 1372 2753 terta
1402 2685 1443 2753 de
1468 2685 1670 2774 Roinputrik,
1699 2707 1773 2751 oum

364 2807 504 2896 piscariis
517 2820 549 2874 et
564 2808 677 2874 salinis.
721 2810 803 2875 Ibid.

362 2936 392 2998 9.
417 2933 622 3000 Confirmatio
635 2933 769 3000 Roberti
784 2933 823 2998 de
839 2935 924 3000 Brus
938 2933 1058 3000 domini
1072 2932 1164 3000 vallio
1178 2931 1336 2998 Anandie.
1381 2933 1461 2999 Ibid.

342 3059 392 3122 10.
417 3057 514 3122 Carta
523 3058 706 3123 Conventus
720 3056 760 3123 de
775 3057 906 3136 Melros,
922 3055 963 3123 de
976 3056 1085 3146 plocen
1099 3056 1133 3120 in
1148 3055 1223 3121 villa
1244 3055 1351 3122 Sancti
1363 3054 1482 3120 Botulfi
1497 3052 1573 3120 data
1586 3052 1788 3122 monasterio·

340 3179 381 3244 de
395 3180 637 3248 Holmcultrom.
682 3184 764 3248 Ibid.

341 3305 392 3368 11.
417 3304 622 3370 Confirmatio
647 3305 772 3369 Thome
797 3304 838 3369 de
862 3303 1003 3382 Multon,
1030 3302 1150 3369 domini
1176 3299 1383 3388 Couplandie.
1431 3303 1522 3390 0143.
1541 3311 1639 3388 pem
1667 3302 1714 3364 W.
1737 3303 1772 3367 J.

339 3427 493 3493 'Chariton
506 3427 543 3492 de
556 3428 740 3515 Herleyoidc
752 3449 826 3494 oom.
843 3427 1027 3493 Noniumb.

341 3551 392 3614 12.
416 3550 514 3614 Carta
528 3572 546 3614 a
563 3551 728 3615 conventu
739 3549 779 3614 de
794 3550 915 3616 Melros
929 3569 1072 3615 oonoessa
1085 3547 1253 3613 conventui
1268 3547 1309 3613 de
1324 3546 1568 3625 Holmoultram,
1583 3545 1624 3612 de
1638 3548 1767 3612 terrain

341 3672 473 3739 Korliol.
517 3675 595 3740 MS.
611 3674 709 3740 Harl.
725 3676 820 3746 3891.

339 3798 390 3864 16.
415 3797 517 3862 Breve
541 3795 715 3862 Alexandri
743 3797 813 3862 111.
839 3795 939 3884 Regis
962 3795 1005 3861 nd
1028 3793 1251 3883 inquirendum
1275 3793 1316 3857 de
1341 3793 1546 3879 occupatione
1570 3805 1653 3858 terre
1672 3795 1769 3882 juxta

337 3943 453 4009 aquam
467 3920 507 3987 de
523 3921 619 3989 Galu.
665 3922 811 4009 012¹ng
829 3921 938 3986 Turre
953 3920 1092 3986 London.

337 4046 389 4110 14.
412 4047 510 4112 Carta
524 4045 650 4112 Thome
664 4044 704 4110 de
718 4045 832 4112 Nesbit
847 4043 888 4110 de
902 4042 1027 4111 duabus
1050 4041 1130 4110 acris
1159 4042 1243 4130 prati
1264 4041 1296 4106 in
1320 4040 1475 4106 territorio
1496 4041 1537 4105 de
1552 4041 1665 4106 Nesbit
1687 4039 1770 4107 dotis

293 4135 300 4150 Ι
337 4166 533 4233 monasterio.
580 4169 672 4257 0243.
812 4197 813 4202 ¹
1057 4261 1059 4266 Ι

340 4295 391 4358 15.
414 4294 512 4360 Carta
525 4290 665 4380 ejusdem
680 4291 788 4357 altera.
835 4291 928 4379 orig.

337 4413 389 4482 16.
410 4414 594 4504 Resigoatio
609 4413 738 4481 Rioordi
752 4413 793 4479 de
808 4413 894 4492 Rule
911 4412 952 4478 de
966 4433 1071 4478 annuo
1085 4411 1191 4478 reditu
1217 4409 1332 4498 viginti
1355 4406 1527 4475 solidorum
1541 4429 1637 4496 quem
1649 4407 1770 4474 Melros

339 4539 458 4605 solvere
473 4539 642 4605 tenebatur
655 4560 714 4625 pro
727 4537 864 4603 tetrade
880 4535 1039 4602 Hundun.
1085 4537 1178 4623 Orig.

339 4661 391 4730 1⁷.
415 4663 513 4727 Carta
527 4659 655 4726 Potrieii
671 4660 789 4727 Corbet
814 4658 855 4726 de
880 4659 971 4726 terrio
996 4658 1038 4725 de
1052 4657 1201 4724 Hardlou
1222 4671 1255 4724 et
1269 4657 1463 4745 Hunggerig
1487 4657 1521 4721 in
1548 4653 1704 4721 territorio
1728 4655 1769 4721 de

336 4782 481 4872 Foghou.
529 4784 620 4871 Orig.
933 4865 941 4882 ι

331 4910 384 4975 18.
407 4906 626 4975 Confirmatio·
641 4904 788 4972 Nicholai
827 4903 868 4971 de
898 4904 1021 4972 Grham
1046 4903 1166 4984 militis,
1192 4902 1233 4968 de
1258 4917 1343 4969 terra
1373 4903 1406 4968 in
1444 4900 1637 4988 Halsingtoo
1671 4922 1769 4987 quom

332 5031 512 5098 Willelmus
526 5030 567 5098 de
581 5030 766 5098 Alewenton
782 5028 870 5096 dedit
887 5027 1084 5096 monasterio.
1131 5027 1224 5115 On'g.
