4425 5842
342 551 543 608 essuos.
557 553 619 609 111.
712 531 1069 610 MUNIMENTA
1093 532 1175 607 DE
1201 530 1442 610 MELROS.
1700 540 1773 615 477

343 753 462 826 turin
480 776 616 851 purum
632 759 671 826 et
687 761 865 851 ppetuom
881 751 1076 827 elemofinu
1087 793 1096 814 ·
1109 751 1185 828 fiue
1201 753 1320 827 teneri
1336 725 1438 850 pobt
1453 750 1702 851 q⁰modolibet
1730 751 1774 826 ui

343 896 672 995 poffideii·Niehil
689 899 778 974 inde
794 898 981 997 exigendo
1005 921 1076 997 ego
1101 901 1144 972 ui
1167 897 1320 972 heredes
1343 898 1422 973 mei
1444 898 1508 972 seu
1525 897 1660 996 uliquis
1676 898 1772 973 alius

342 1046 429 1117 noie
458 1045 525 1118 iiro
551 1044 750 1143 imppetufi
779 1019 871 1142 pre?
890 1044 1064 1120 oraciomi
1087 1043 1262 1143 suffragia
1278 1043 1467 1134 deuotuu·
1484 1044 1571 1143 Ego
1586 1068 1677 1118 vero
1692 1045 1773 1120 Ro-

342 1188 470 1264 bertus
485 1189 645 1287 predtus
661 1198 700 1264 et
716 1188 869 1264 heredes
893 1191 970 1263 mei
993 1189 1148 1287 predum
1171 1197 1405 1263 tenemetum
1421 1213 1535 1265 tcum
1559 1190 1707 1264 omibus
1733 1199 1773 1263 et

342 1333 495 1433 lingulis
514 1335 711 1430 ptinenciis
727 1333 802 1408 suis
827 1341 873 1408 ut
887 1318 1002 1433 Bdim
1018 1334 1228 1409 estteistim
1252 1334 1451 1434 Religiofis
1475 1343 1515 1409 et
1540 1359 1613 1425 eon
1636 1336 1772 1410 sucoss-

343 1479 481 1554 soribus
497 1479 695 1578 imppetuii
710 1521 719 1542 ·
737 1480 778 1553 in
795 1480 944 1554 omibus
969 1488 1048 1575 etp
1064 1481 1192 1555 omnio
1217 1465 1372 1580 Bnotatt
1400 1489 1529 1556 eontra
1552 1504 1682 1557 omnes
1707 1480 1773 1556 ho-

342 1627 459 1700 mines
469 1625 517 1700 'et
533 1623 692 1700 feminus
707 1665 716 1686 ·
730 1653 758 1721 p
774 1625 918 1723 predus
942 1626 1116 1699 oracionis
1140 1625 1326 1724 suffragiis
1349 1626 1773 1702 tunti1·Waruntizobi-

343 1795 426 1846 mus
439 1771 448 1832 ἑ
463 1770 758 1869 acquietabimus
771 1780 810 1846 et
820 1772 1061 1871 imppetuum
1074 1771 1320 1846 defendemus
1331 1812 1341 1834 ·
1353 1772 1401 1847 In
1414 1773 1523 1847 euius
1534 1773 1611 1847 Rei
1624 1773 1772 1847 testibm

342 1919 421 2016 {inti
443 1927 543 1992 oorte
568 1940 651 1992 mee
674 1916 795 2017 figulo
819 1929 908 1994 mesi
930 1918 1084 2016 apposui
1102 1943 1116 1990 t
1136 1918 1226 1992 Hiis
1243 1916 1417 1992 testibus·
1432 1917 1533 1992 Dinis
1558 1919 1697 2016 patrici>
1724 1917 1772 1992 de

344 2063 504 2138 Dunbni
527 2063 701 2138 Johunne
724 2063 774 2136 de
797 2063 1073 2137 Edmondistofi
1087 2105 1096 2126 ·
1112 2072 1152 2137 et
1177 2061 1409 2137 Archibuldo
1432 2063 1481 2136 de
1497 2061 1772 2138 Edmondistois

343 2207 549 2283 militibus·
568 2210 728 2286 Wiitmo
741 2209 947 2285 mavtalent
963 2209 1093 2284 Adam
1106 2184 1263 2284 fforetis
1275 2209 1498 2285 Alexandro
1514 2210 1562 2283 de
1577 2212 1721 2309 poxtois
1733 2220 1772 2286 et

345 2353 473 2428 multis
501 2355 581 2428 aliis
594 2395 605 2421 ·
619 2355 747 2444 Quam
774 2354 910 2454 quidm
935 2363 1077 2428 cottam
1106 2353 1342 2455 donaciones
1369 2366 1409 2429 et
1436 2355 1701 2432 oonoeffio'nem
1731 2359 1772 2430 in

343 2501 450 2576 eodm
477 2509 644 2578 oontent·
660 2543 669 2564 ·
683 2502 725 2576 in
747 2501 896 2576 omibus
912 2501 1063 2600 punctis
1089 2502 1164 2575 suis
1187 2509 1228 2575 et
1251 2501 1417 2576 articulis
1441 2502 1706 2578 eonditonibus
1732 2513 1771 2578 et

342 2647 513 2724 mooun
529 2647 775 2746 euoenon
791 2647 1049 2747 quibuscumcb
1064 2647 1184 2722 forma
1199 2621 1312 2744 niet
1327 2647 1466 2724 effectu
1480 2689 1490 2711 ·
1504 2650 1545 2724 in
1560 2650 1709 2725 ombus
1733 2660 1774 2724 et

342 2794 517 2888 oomnis
538 2794 789 2894 approbamus
812 2792 1061 2870 Ratificamus
1086 2801 1126 2867 et
1148 2799 1177 2888 'p
1201 2793 1309 2867 nobis
1334 2802 1374 2868 et
1397 2794 1596 2868 heredibus
1624 2796 1702 2870 siris
1726 2804 1772 2869 ut

343 2923 518 3036 flmiffum
543 2942 597 3015 est
620 2940 668 3013 ad
684 2949 798 3015 manu
814 2947 963 3014 mortua
975 2940 1174 3037 imppetufi
1189 2937 1455 3013 confirmamus
1467 2979 1477 3000 ·
1490 2938 1538 3013 In
1557 2939 1678 3014 Cuius
1694 2939 1771 3015 Rei

343 3084 648 3184 testimoniujinti
658 3095 756 3160 carte
769 3088 834 3160 iire
847 3084 1141 3160 confirmacionis
1152 3123 1162 3146 ·
1174 3083 1295 3184 figulo
1306 3068 1598 3183 nimfioepimus
1609 3087 1770 3183 apponi·

343 3231 514 3307 Testibus
529 3208 763 3307 veiabilibus
779 3234 820 3307 in
838 3233 914 3330 xpo
929 3230 1099 3331 putribus
1118 3229 1293 3304 Waltero
1308 3238 1349 3304 et
1365 3229 1539 3305 Gilberto
1554 3230 1773 3306 oanceilurio

341 3379 406 3453 iro
418 3420 427 3438 ·
440 3377 691 3454 uncumdree
706 3385 747 3453 et
762 3377 1013 3453 Abirdonenss
1028 3376 1203 3466 eoulefiau
1221 3377 1318 3475 efiis·
1333 3376 1524 3452 canffimo
1548 3361 1770 3478 fimogenito

340 3524 405 3600 iro
419 3565 429 3586 ·
442 3524 576 3600 Duuid
604 3524 703 3599 duos
722 3523 941 3622 'Rothessye
957 3522 1109 3599 comite
1124 3523 1173 3598 de
1190 3521 1316 3597 Carff·
1331 3523 1464 3598 senesc·
1480 3525 1576 3600 fooo‘
1601 3524 1771 3600 Roberto

339 3668 433 3744 duee
450 3669 616 3744 Albanio
639 3669 791 3744 Comite
816 3669 865 3744 de
887 3669 984 3768 ffyfe
999 3677 1039 3744 et
1055 3668 1103 3742 de
1119 3669 1313 3744 meneteth
1327 3669 1462 3744 -fratre
1478 3671 1547 3744 iuro
1562 3693 1767 3770 germano·

340 3814 576 3892 Aroheboldo
592 3816 732 3893 comite
747 3816 796 3890 de
814 3815 988 3914 Douglas
1003 3816 1159 3890 domino
1171 3815 1346 3914 gulwidie
1361 3857 1369 3877 ·
1384 3815 1413 3891 J
1412 3815 1528 3890 aeobo
1543 3816 1592 3891 de
1603 3819 1770 3916 Dougios

341 3959 493 4035 domino
509 3960 556 4034 de
573 3961 743 4036 Dulketh
757 4004 765 4024 ·
779 3970 818 4038 et
834 3961 964 4037 thoma
980 3960 1028 4036 de
1045 3960 1216 4060 Ersssyne
1231 3960 1516 4058 consanguineis
1532 3961 1607 4034 iiris
1623 3961 1769 4036 dilectis

338 4105 494 4204 militib3
515 4107 617 4207 apud
634 4108 960 4207 Combusssyneth·
974 4108 1148 4182 vioefimo
1164 4128 1266 4181 nono
1282 4105 1345 4178 die
1356 4105 1491 4179 mensis
1514 4104 1621 4206 Junij
1648 4108 1769 4183 Anno

337 4257 400 4350 gie
415 4253 563 4332 mitimo
579 4262 678 4332 ooomo
693 4255 931 4355 nonogesimo
947 4254 1128 4354 septimo·
1143 4253 1199 4329 Et
1215 4253 1344 4354 Regni
1361 4251 1476 4328 nostri
1491 4251 1641 4329 octauo
1658 4296 1668 4314 ·
