4425 5842
396 541 660 600 nunonem.
746 523 1106 602 MUNIMENTA
1131 520 1212 600 DE
1238 523 1479 604 MELROS.
1754 526 1827 600 661

394 741 550 818 edificiis
573 743 691 818 hortis
716 743 820 820 toliis
844 745 971 821 croilis
996 745 1123 840 ptibus
1147 745 1358 846 pendiculis
1381 752 1423 820 et
1437 745 1511 821 suis
1526 743 1657 842 ptin'eri
1676 743 1827 822 Prefute

394 890 553 964 Cristine
570 889 769 966 Wardlaw
786 915 808 965 a
826 913 889 966 me
906 901 946 966 et
961 889 1161 966 heredibus
1185 891 1280 964 meis
1302 889 1353 965 de
1377 889 1656 966 oomendstario
1679 899 1719 966 et
1742 914 1830 965 oon-

389 1046 510 1110 ventu
528 1035 624 1110 mo¹¹¹
640 1035 689 1110 de
705 1035 847 1111 melrob
872 1045 911 1112 et
935 1060 1068 1113 eorum
1092 1036 1353 1112 suooefforibus
1376 1037 1418 1112 in
1434 1036 1550 1112 vitali
1564 1035 1719 1112 redditu
1743 1037 1828 1113 Pro

392 1182 502 1258 bibus
518 1184 597 1256 vite
612 1183 677 1257 sue
697 1183 829 1258 diebus
845 1183 922 1258 Per
938 1205 1068 1258 ornnes
1085 1193 1204 1258 rectas
1219 1189 1340 1259 metas
1354 1183 1437 1258 suns
1447 1181 1622 1282 antiquas
1637 1191 1678 1257 et
1691 1183 1828 1258 diuins

391 1338 504 1428 prout
514 1327 642 1428 jaoent
659 1330 697 1403 in
715 1327 956 1428 longitudine
972 1338 1012 1402 et
1033 1327 1237 1405 latitudine
1261 1327 1311 1402 In
1335 1327 1512 1404 domibus
1535 1328 1691 1404 edificiis
1714 1328 1830 1403 boscis

390 1474 510 1575 punis
527 1475 641 1550 mons
658 1450 795 1550 urens
810 1475 882 1548 vn
910 1474 1049 1550 semies
1074 1476 1184 1574 aquis
1206 1473 1347 1574 signu
1364 1473 1515 1549 maon
1537 1474 1654 1574 praes
1678 1475 1822 1574 perenn

389 1621 549 1720 pasturis
575 1620 800 1696 molendinis
817 1619 995 1697 multun's
1011 1629 1051 1696 et
1065 1645 1200 1697 eorum
1216 1619 1374 1721 sequelis
1388 1621 1704 1720 aucupationibus
1718 1643 1830 1695 vena-

391 1769 558 1844 tionibus
574 1767 841 1869 piseationibus
858 1769 1010 1869 petnriis
1027 1767 1203 1844 turbariis
1228 1767 1452 1844 carbonibus
1474 1767 1701 1843 carbonariis
1725 1767 1831 1844 cuni·

390 1917 483 1991 culis
510 1915 748 1991 cuniculariis
777 1897 963 1992 columbis
991 1914 1187 1991 oolr‘rbariis
1202 1913 1400 1991 fabrilibus
1415 1913 1742 1990 brutinisbrueriis
1767 1937 1832 2014 ge·

391 2062 502 2136 uestis
525 2061 627 2139 filuis
652 2063 871 2140 nemoribus
887 2031 1064 2163 virgultis
1079 2061 1194 2163 lignis
1209 2060 1393 2162 lapicidiia
1408 2060 1534 2162 lapide
1548 2070 1590 2135 et
1604 2059 1704 2136 oaloe
1728 2060 1831 2135 Cum

394 2207 505 2284 curiis
520 2217 561 2284 et
582 2231 711 2286 earum
736 2209 902 2284 exitibus
926 2208 1128 2306 here3eldis
1151 2208 1354 2284 bludwetis
1378 2216 1420 2283 et
1440 2206 1649 2282 mulierum
1672 2180 1831 2281 rliehetis

392 2353 495 2430 Cum
510 2356 569 2432 obi
585 2357 732 2456 pastura
747 2356 864 2432 libero
879 2357 1040 2434 introitu
1056 2363 1097 2430 et
1109 2354 1218 2431 exitu
1234 2355 1299 2432 Ao
1310 2377 1400 2430 oum
1412 2355 1523 2430 bibus
1534 2353 1615 2428 aliis
1626 2360 1667 2428 et
1678 2351 1832 2453 ffigulis

392 2501 627 2579 libertatibus
643 2504 934 2580 eomoditntibus
950 2503 1128 2603 proficuis
1143 2501 1352 2577 alimentis
1367 2523 1411 2576 se
1428 2500 1539 2576 iustis
1563 2501 1638 2576 suis
1661 2501 1834 2600 pertineii

392 2651 637 2752 qmbuseunq,
652 2661 732 2727 tam
750 2662 801 2746 no
817 2651 953 2728 noletis
968 2650 1013 2750 ς’
1025 2649 1163 2726 uniatis
1180 2655 1260 2724 tem
1281 2648 1416 2724 subtus
1439 2655 1539 2722 terro
1561 2646 1737 2746 q‘supra
1759 2656 1833 2722 ter·

388 2797 810 2896 ramproeuletprope
834 2797 876 2870 in
901 2806 940 2870 et
964 2796 1013 2870 od
1036 2796 1224 2895 predictas
1248 2803 1363 2868 terres
1385 2817 1432 2869 so
1454 2793 1585 2867 villam
1608 2792 1658 2868 de
1679 2793 1834 2870 eildouir
1907 2764 1912 2770 ⁵

394 2962 484 3016 eum
500 2942 575 3015 suis
592 2943 723 3036 ptineb
738 2942 887 3038 spectati
902 2941 966 3016 len
981 2941 1077 3016 iuste
1099 2943 1263 3043 spectare
1285 2941 1396 3016 valed
1403 2939 1698 3042 ‘qumodolibet
1711 2942 1754 3014 in
1769 2941 1830 3016 fu-

394 3099 527 3164 turum
542 3085 658 3161 libere
673 3086 803 3186 quiete
818 3087 982 3185 plenarie
997 3087 1144 3186 integre
1159 3087 1363 3163 honorifioe
1381 3089 1484 3163 bene
1506 3095 1546 3162 et
1569 3087 1611 3162 in
1634 3087 1833 3186 paeefiine

394 3234 521 3334 aliqua
537 3223 798 3309 Reuooatione
814 3231 1106 3308 contradictione
1117 3231 1393 3332 impedimento
1402 3241 1473 3308 aut
1482 3230 1834 3333 obstmulosliquuli

395 3379 610 3458 Reddendo
624 3378 717 3452 'inde
733 3378 902 3452 nnuntirn
928 3377 1030 3452 diota
1045 3378 1193 3453 oristina
1208 3377 1369 3454 durante
1383 3380 1465 3454 viu
1479 3381 1544 3456 sua
1559 3380 1669 3455 dictis
1683 3391 1834 3457 romen-

397 3528 539 3603 dntsrio
555 3535 595 3601 et
611 3524 817 3600 conventui
833 3543 999 3624 eorumrp
1021 3523 1282 3601 suceefl'oribus
1299 3523 1500 3602 Summam
1516 3526 1664 3626 vigenti
1678 3528 1742 3602 sex
1765 3525 1834 3601 lib-

397 3671 674 3750 rurum'vlualis
694 3680 846 3746 monete
863 3671 993 3770 Regni
1010 3671 1124 3746 footie
1138 3670 1188 3746 ad
1212 3671 1309 3748 duos
1332 3671 1423 3747 a'nni
1445 3673 1626 3750 murrinos
1648 3673 1773 3749 solitos
1797 3683 1837 3749 et

400 3823 593 3896 oonssretos
608 3819 700 3895 leste
708 3819 775 3914 rip
792 3814 1048 3918 pentheoostes
1064 3823 1105 3890 et
1121 3817 1237 3890 innoti
1253 3817 1457 3892 murtiniin
1469 3818 1671 3918 hiemeper
1684 3819 1834 3918 equales

399 3967 587 4068 portiones
601 3985 766 4043 vnaeum
782 3963 974 4064 sexaginta
996 3961 1155 4062 pultreis
1170 3961 1290 4062 vulgo
1305 3971 1429 4038 vosne
1445 3964 1507 4062 lye
1532 3965 1621 4038 kain
1645 3965 1771 4040 foullis
1795 3977 1836 4042 et

395 4114 591 4215 sexaginte
605 4113 670 4214 lye
686 4113 854 4213 mrisgiis
870 4110 919 4186 ud
936 4109 1116 4186 terminos
1131 4107 1257 4184 solitos
1279 4117 1319 4184 et
1342 4109 1534 4184 consuetos
1559 4109 1717 4186 Necnon
1741 4114 1837 4212 pres·

398 4261 515 4338 undo
531 4269 605 4337 tres
621 4263 735 4337 lentas
752 4259 800 4334 ad
816 4258 890 4335 tria
906 4257 1041 4360 placita
1053 4254 1228 4356 capitalia
1238 4251 1429 4332 cunarum
1440 4255 1628 4334 numum
1639 4261 1838 4337 comenda·

398 4409 534 4484 tariiet
544 4415 753 4485 conventus
762 4407 932 4482 anuadm
942 4405 1044 4507 apud
1056 4403 1480 4481 dictummonesterinm
1488 4405 1690 4483 demelross
1697 4409 1839 4485 tenenti

396 4553 455 4628 Et
470 4555 656 4630 veniendo
670 4555 903 4656 'onmgrnnis
916 4554 993 4630 suis
1016 4554 1065 4629 ad
1088 4551 1312 4630 molendinis
1328 4552 1536 4630 demelrotl
1558 4555 1638 4632 illio
1652 4555 1837 4632 molendis

393 4700 591 4778 soluendo
606 4712 802 4802 propterea
819 4703 1006 4778 multurae
1020 4698 1117 4778 solui
1133 4699 1256 4777 solitas
1281 4709 1322 4776 et
1344 4701 1538 4778 consuetus
1556 4703 1672 4800 tan‘
1688 4701 1839 4774 firmam

390 4845 608 4926 *feodiflrme
633 4849 674 4925 in
701 4861 786 4924 m‘es
813 4857 914 4924 serta
942 4847 1121 4947 predictis
1150 4845 1428 4924 obmendstario
1452 4856 1500 4922 ‘et
1533 4845 1741 4921 conventui
1771 4867 1841 4942 pro
