4425 5842
1109 539 1180 621 xvi

439 745 512 811 570.
535 743 704 808 Decretum
719 741 910 811 onbitrorum
923 743 957 809 in
971 743 1250 834 compromissione.
1297 747 1389 836 Orig.

441 866 513 932 57].
538 859 737 956 [wuston]
761 866 966 934 Confirmatio
980 866 1085 954 Regis
1098 881 1182 935 carte
1196 867 1326 934 Pntrioii
1340 869 1381 936 de
1395 867 1518 936 Ridnle.
1568 873 1662 960 orig

737 1231 892 1309 REGE
916 1229 1131 1311 JACOBO
1156 1232 1235 1310 ΙΙΙ.
1287 1237 1564 1312 1470-1488.

1033 1480 1259 1546 ABBACIA.

437 1601 509 1669 572.
533 1601 631 1666 Carta
645 1601 744 1688 Regis
758 1601 798 1667 de
812 1601 977 1690 privilegio
990 1601 1126 1690 eligendi
1139 1603 1295 1669 sbbotem.
1342 1604 1433 1692 Orig.
1571 1612 1577 1622 ’

436 1723 510 1791 575.
533 1722 608 1789 The
621 1723 725 1812 Kings
741 1725 876 1791 Genersl
891 1725 1105 1791 Proteotioun.
1152 1727 1245 1815 Orig.

1051 1968 1243 2036 CARRIC.

432 2091 505 2159 574.
529 2091 867 2177 Appunctnementum
892 2090 973 2156 inter
1000 2090 1123 2156 Melroe
1146 2102 1179 2157 et
1194 2090 1355 2156 visorium
1379 2089 1420 2156 de
1435 2090 1592 2179 Mayboyl
1612 2091 1654 2158 de
1673 2093 1802 2161 decimis
1818 2095 1859 2162 de

434 2211 564 2299 Grsnge
578 2223 610 2278 et
626 2211 808 2278 Monkwod.
855 2214 946 2300 Orig.

995 2457 1297 2524 EDINBURGH.

432 2583 505 2651 575.
532 2583 781 2647 lustramentum
796 2579 836 2647 de
850 2580 1027 2648 detentione
1041 2580 1240 2669 quarundam
1255 2581 1414 2648 bullarum
1429 2592 1460 2646 et
1474 2583 1744 2651 confirmationum
1755 2589 1860 2675 Apos-

431 2701 594 2768 tolicorum
617 2701 657 2767 de
680 2701 819 2790 hospicio
840 2701 880 2768 de
899 2702 1019 2768 Melros
1040 2701 1073 2768 in
1089 2701 1293 2790 Edinburgh,
1319 2725 1340 2767 a
1364 2703 1548 2790 margareta
1561 2704 1668 2771 relicto
1682 2705 1858 2773 Alexandri

430 2823 657 2891 Haliburtoun.
704 2827 797 2914 On'g.

1061 3074 1228 3140 LEITH.

430 3194 504 3264 576.
528 3197 777 3263 Instrumentum
791 3197 831 3262 de
846 3195 1076 3263 mensuratione
1090 3207 1172 3262 terre
1185 3194 1342 3261 Willelmi
1357 3195 1427 3260 Bell
1449 3218 1506 3284 per
1530 3196 1688 3262 Bollivum
1710 3212 1742 3263 et
1764 3198 1859 3263 linea-

431 3331 520 3384 tores.
568 3321 658 3407 Orig.

946 3566 1330 3632 HOLMCULTRAN.
1459 3569 1463 3576 “

429 3687 503 3755 577.
526 3683 745 3754 Ordinationes
751 3687 889 3754 Abbatis
899 3686 940 3754 de
953 3687 1073 3754 Melros
1086 3687 1120 3753 in
1133 3687 1308 3753 visitatione
1319 3688 1440 3755 oenobii
1450 3688 1490 3754 de
1497 3688 1730 3755 Holmcultrnm
1760 3692 1851 3776 θήρ.

731 4054 886 4132 nmen
910 4054 1124 4133 JACOBO
1150 4055 1222 4160 w.
1276 4062 1551 4132 mss-1⁵1³.

990 4313 1293 4380 HADINGTON.

430 4438 503 4505 578.
527 4434 735 4522 Obligscioun
749 4434 789 4500 be
800 4433 923 4499 Robert
934 4435 1064 4500 stdir
1074 4434 1112 4499 07
1123 4434 1303 4522 Edrington
1318 4435 1368 4500 for
1383 4435 1436 4500 the
1450 4444 1598 4524 pnyment
1612 4434 1650 4499 07
1660 4433 1715 4499 viii
1729 4435 1856 4500 clmlder

428 4556 465 4621 of
476 4554 574 4621 vitaill
588 4556 689 4643 yeirly
703 4555 754 4620 for
767 4557 864 4620 ferme
880 4556 916 4621 07
929 4555 1164 4623 Edmundiston
1178 4579 1306 4644 grange.
1353 4559 1444 4644 Orig.

429 4681 502 4749 579.
526 4677 751 4745 Ratilicatioun
763 4677 862 4742 under
872 4677 927 4742 the
941 4691 1029 4764 great
1041 4677 1103 4743 senl
1118 4677 1156 4742 07
1162 4678 1325 4744 aDecreet
1338 4678 1375 4743 07
1386 4678 1441 4743 tlte
1452 4678 1568 4744 Londis
1583 4678 1621 4744 07
1626 4679 1776 4745 Counsoll
1787 4678 1855 4744 thet

427 4802 481 4869 the
495 4804 639 4868 Convent
653 4801 691 4867 07
701 4800 822 4866 Melros
837 4801 910 4866 swis
924 4822 965 4865 na
979 4821 1124 4888 presenoe
1137 4821 1195 4866 nor
1211 4812 1280 4867 oute
1294 4801 1343 4866 for
1357 4800 1411 4866 the
1425 4799 1529 4865 landis
1542 4799 1580 4866 07
1587 4801 1747 4888 Hertsyde
1757 4801 1790 4865 in
1803 4801 1864 4865 the.

427 4927 559 4995 schirref
569 4923 691 4994 oourtis'
699 4923 737 4992 07
748 4923 968 5012 Hedingtoun.
1015 4925 1107 5012 Orig.
