4425 5842
389 484 657 549 tucamur.
736 460 1111 547 ‚MUNIMENTA
1134 462 1216 543 DE
1240 462 1481 545 MELROS.
1750 468 1826 545 60⁵

389 694 471 763 ton
488 685 604 761 domu
621 682 698 761 fiue
719 693 856 759 terrem
873 684 1015 761 vestam
1039 683 1264 763 anteriorem
1287 685 1378 784 dictj
1404 687 1611 765 tenementi
1635 710 1726 763 cum
1750 689 1826 767 suis

389 832 517 928 ptineri
533 831 603 908 Ad
617 828 795 927 psoluend
810 830 1098 907 tonatim-dicto
1121 830 1289 931 dompno
1313 832 1498 909 bernardo
1521 832 1598 909 bell
1621 832 1822 911 heredibus

389 977 462 1075 suis
479 986 518 1053 et
534 977 720 1077 affignatis
737 976 950 1076 predictum
975 989 1076 1055 cnud
1100 977 1293 1059 redditum
1309 986 1475 1078 quatuor
1500 1004 1708 1057 marcorum
1733 1004 1826 1062 cum

389 1125 520 1222 ptineii
545 1124 594 1199 ad
621 1124 716 1199 duos
742 1124 804 1198 ini
832 1129 985 1199 termios
1014 1126 1208 1201 consuetos
1244 1125 1511 1222 Pentbecostes
1544 1130 1604 1225 vi3
1638 1137 1679 1203 et
1709 1129 1825 1203 sancti

391 1273 542 1347 martini
558 1273 598 1347 in
616 1271 741 1347 hieme
755 1296 823 1371 per
838 1270 989 1371 equuleo
1004 1272 1194 1370 portiones
1210 1272 1416 1347 seeundum
1430 1282 1601 1349 tenorem
1612 1274 1713 1350 dicte
1725 1284 1825 1351 curte

389 1418 597 1495 feodifirme
620 1424 674 1493 ais
698 1443 765 1518 per
789 1420 935 1497 dictum
964 1418 1136 1518 dompni
1160 1418 1388 1497 hemardum
1416 1418 1492 1495 bell
1521 1420 1667 1521 prefato
1695 1421 1825 1498 Aluno

390 1566 559 1643 Wiisoiie
589 1566 743 1663 desuper
770 1566 941 1641 confecto
970 1566 1071 1641 Cum
1099 1566 1264 1665 plenario
1289 1575 1329 1641 et
1357 1566 1473 1641 libera
1505 1568 1689 1667 potestate
1721 1569 1825 1646 dicto

389 1713 558 1814 dompno
574 1713 755 1789 hemardo
771 1712 847 1788 bell
862 1713 1062 1789 heredibus
1078 1714 1152 1788 suis
1168 1722 1209 1791 et
1223 1714 1400 1814 uffignutt
1419 1717 1564 1791 namuri
1586 1724 1628 1792 et
1650 1715 1823 1817 distringi

388 1860 595 1960 predictam
612 1868 749 1937 terram
766 1860 1003 1960 posteriorem
1020 1860 1151 1936 subtus
1175 1871 1216 1935 et
1238 1862 1350 1959 supro
1372 1886 1417 1937 uc
1439 1863 1580 1939 dictum
1604 1864 1722 1939 domu
1745 1863 1825 1939 iiue

389 2008 674 2085 terramvastsm
691 2010 914 2084 anteriorem
931 2006 1091 2107 predicti
1104 2008 1283 2083 tenemeti
1297 2008 1345 2083 ln
1357 2007 1509 2087 defectu
1522 2008 1717 2085 solucionis
1728 2009 1820 2108 dicti

390 2155 531 2232 tnuulis
554 2155 723 2231 redditus
740 2164 905 2255 quatuor
929 2132 1053 2231 fflcuru'r
1069 2153 1119 2229 ad
1134 2130 1253 2231 Pmios
1269 2155 1476 2235 antedictos
1491 2156 1630 2233 totiens
1645 2158 1823 2256 quotiens

389 2326 485 2403 opus
500 2303 616 2379 fuerit
631 2302 706 2379 fine
722 2302 853 2379 fraude
869 2301 931 2378 vei
947 2302 1034 2378 dolo
1052 2302 1173 2403 Super
1188 2303 1329 2401 quibus
1345 2304 1493 2379 offiibus
1511 2314 1553 2379 et
1575 2304 1729 2407 singulis
1754 2304 1823 2379 dis-

388 2462 511 2527 cretus
524 2451 583 2527 vir
594 2452 663 2527 dds
677 2450 851 2527 Andreas
863 2450 995 2525 moffet
1010 2448 1199 2551 capellan?
1210 2452 1297 2525 uoie
1312 2460 1353 2527 et
1367 2474 1417 2527 ex
1432 2460 1540 2551 purte
1554 2452 1647 2527 dicti
1661 2452 1822 2552 dompni

388 2597 560 2675 bernardi
575 2597 651 2673 bell
667 2597 709 2675 A
727 2622 788 2674 me
804 2598 950 2673 notorio
965 2596 1119 2695 publico
1134 2597 1338 2697 subscripto
1352 2597 1420 2677 fibi
1434 2596 1517 2673 fieri
1533 2598 1647 2697 peciit
1663 2596 1735 2677 hoc
1752 2599 1822 2698 'pus

386 2744 541 2844 publicu
558 2744 832 2819 Instrumetum
842 2746 944 2820 Actu
959 2752 1066 2818 erent
1078 2743 1147 2819 bec
1159 2744 1267 2843 super
1282 2743 1378 2819 fund
1390 2744 1491 2819 dicte
1501 2751 1598 2821 terre
1607 2745 1819 2844 posterioris

388 2892 479 2967 horu
495 2893 597 2990 quoti
613 2880 723 2967 tertia
739 2892 821 2992 post
836 2890 1040 2967 merediem
1050 2890 1112 2966 vel
1124 2890 1264 2965 eocircu
1277 2890 1360 2969 Sub
1372 2913 1472 2965 auno
1484 2891 1608 2966 mense
1619 2891 1682 2967 die
1693 2890 1820 2967 Iudic-

389 3040 493 3117 tione
507 3047 549 3113 et
564 3038 791 3117 Pontificatu
803 3039 943 3140 quibus
954 3037 1064 3137 supra
1076 3036 1231 3136 potibus
1244 3036 1393 3114 Ibidem
1403 3035 1683 3143 honorabilibus
1694 3047 1735 3114 et
1750 3038 1823 3115 dis·

389 3184 498 3263 cretis
514 3186 603 3263 viris
619 3186 677 3283 vi3
707 3185 878 3261 Gilberto
891 3184 1096 3284 Weuchop
1122 3184 1295 3285 Georgeo
1306 3184 1512 3286 Woucbop
1539 3185 1711 3263 Roberto
1726 3182 1822 3263 blcir

389 3335 563 3415 Jobsnne
579 3334 731 3411 Ednem
764 3332 939 3411 Johonue
957 3332 1165 3409 Carnecorit
1192 3332 1364 3409 Roberto
1379 3332 1493 3409 meile
1514 3332 1662 3413 Johtue
1673 3357 1821 3435 penny·

387 3482 485 3559 cuke
502 3482 677 3561 Johanoe
688 3480 777 3557 blak
794 3484 847 3555 uis
857 3478 1029 3580 brsnghy
1049 3478 1224 3555 Johsnne
1236 3478 1339 3589 lepor
1358 3479 1534 3559 Jobunoe
1546 3452 1740 3557 tbomsoire
1752 3504 1828 3557 no.

388 3632 482 3707 turio
497 3629 650 3730 publico
662 3636 701 3705 et
713 3627 884 3705 Roberto
895 3626 1108 3703 Johriesoire
1117 3626 1252 3701 iiundo
1268 3626 1371 3707 dicte
1381 3626 1594 3727 Regnum
1610 3636 1649 3705 et
1664 3627 1819 3705 burouie

388 3776 438 3855 de
451 3774 661 3857 brocbtoub'
677 3774 851 3856 'festibus
866 3774 915 3851 ed
930 3772 1098 3875 premitis
1115 3773 1255 3849 vocatis
1270 3746 1441 3872 speciali?
1450 3783 1491 3849 et
1506 3774 1694 3873 Ερμῆς.

611 4071 667 4147 Et
682 4094 754 4171 ego
769 4071 934 4151 Jucobus
951 4074 1100 4169 gowng
1112 4067 1279 4143 Clericus
1294 4064 1504 4147 uncumdt
1512 4066 1630 4151 Dio⁰t
1639 4066 1825 4169 publicus

608 4218 824 4297 auctorite?
848 4216 998 4314 Impisli
1023 4214 1205 4316 tReguii
1228 4215 1395 4291 noterius
1419 4214 1518 4301 Quis
1539 4214 1700 4314 premiffl
1726 4218 1822 4292 offii-

610 4364 682 4447 bus
700 4382 726 4441 t
743 4365 896 4465 lingulis
912 4364 1006 4441 dum
1023 4363 1071 4440 fic
1087 4371 1131 4440 vt
1156 4363 1393 4463 premittitur
1416 4373 1618 4463 agerentur
1640 4336 1824 4442 uidentur

609 4513 790 4591 tuerent
805 4536 970 4589 vnucum
992 4514 1183 4612 prenoiett
1206 4510 1362 4587 testibus
1384 4510 1455 4609 pus
1478 4484 1601 4587 initui
1621 4535 1699 4613 euq,
1721 4514 1825 4589 offiiu

611 4670 639 4741 t
666 4658 812 4760 fingulu
839 4657 887 4735 tic
914 4657 996 4735 fieri
1020 4659 1096 4735 dici
1121 4656 1203 4735 ridi
1225 4656 1317 4732 sciui
1341 4672 1369 4738 ”t
1392 4657 1525 4733 audiui
1549 4682 1594 4735 uc
1618 4658 1666 4734 lu
1691 4665 1822 4733 uotum

517 4834 522 4891 ῑ
608 4804 747 4911 sumpti
759 4804 966 4907 Ideotphoc
975 4806 1044 4905 pus
1054 4802 1253 4906 publicum
1263 4802 1402 4885 Instim
1418 4826 1536 4883 manu
1552 4802 1673 4881 eliens
1687 4825 1751 4881 me
1765 4804 1823 4879 uis
