4425 5842
367 532 466 590 ano.
480 531 567 588 rao.
579 533 607 586 1.
725 507 1100 587 MUNIMENTA
1126 510 1207 587 DE
1232 507 1474 592 MELROS.
1732 521 1805 590 618

370 730 594 807 monasterio
618 737 659 806 et
681 731 872 808 monachis
897 731 998 806 ibide
1021 730 1152 806 diuina
1172 730 1440 807 minim-stibus
1464 738 1504 807 et
1526 752 1596 829 pro
1617 741 1802 833 perpetuo

367 877 631 952 ministraturis
646 899 669 950 a
684 899 747 950 me
763 885 803 952 et
817 876 1016 952 heredibus
1032 876 1126 950 meis
1143 874 1191 950 de
1206 876 1282 951 diro
1306 875 1375 951 iiro
1390 900 1479 977 rege
1496 877 1538 950 in
1553 876 1667 953 feodo
1682 886 1723 953 et
1737 879 1801 955 he-

368 1021 527 1098 reditate
542 1023 825 1122 imperpetuum
841 1049 866 1118 p
882 1045 1012 1096 omnes
1028 1030 1146 1097 rectas
1161 1030 1281 1098 metas
1300 1021 1380 1097 luas
1404 1023 1577 1121 antiquas
1600 1031 1640 1097 et
1664 1024 1800 1100 diuisas

371 1191 459 1242 eum
475 1167 587 1243 curiis
604 1175 643 1242 et
659 1167 848 1242 curiarum
864 1167 1029 1243 exitibus
1041 1167 1206 1250 eschaett
1223 1142 1370 1252 fflobett
1381 1175 1422 1242 et
1432 1167 1596 1252 herieldt
1611 1193 1654 1244 ao
1668 1168 1799 1246 blude-

371 1314 460 1396 witt
474 1314 515 1387 in
532 1313 603 1387 viis
619 1313 749 1396 semite
765 1313 874 1413 aquis
889 1313 1026 1412 llagnis
1043 1313 1157 1387 moris
1172 1313 1352 1388 mairoliis
1366 1321 1474 1413 prat(
1489 1315 1633 1413 pascuis
1657 1323 1697 1390 et
1721 1319 1800 1416 pas·

369 1459 463 1534 turis
482 1457 793 1557 aucupationibus
809 1458 1071 1534 venationibus
1095 1481 1140 1533 ae
1162 1483 1251 1534 cum
1276 1458 1453 1534 omnibus
1475 1459 1558 1534 aliis
1581 1469 1621 1535 et
1644 1460 1799 1561 lingulis

367 1603 601 1679 libertatibus
624 1603 916 1679 eomodiutibus
940 1611 981 1678 et
1005 1603 1189 1688 ailiamett
1213 1627 1257 1679 ao
1279 1604 1375 1688 iustt
1397 1605 1567 1701 ptineoiis
1583 1607 1799 1710 quibul'miq3

368 1757 446 1825 tam
463 1773 540 1824 non
558 1751 733 1825 nomiatis
750 1748 973 1848 q‘nomiatt
989 1757 1069 1824 tam
1090 1748 1223 1825 subtus
1247 1757 1345 1825 terra
1359 1750 1406 1848 ς’
1422 1751 1533 1850 supra
1556 1760 1694 1828 terram
1718 1762 1798 1830 tam

365 1919 480 1996 prope
496 1898 541 1994 q‘
551 1895 696 1996 procull
711 1895 759 1969 ad
775 1895 893 1970 dietas
909 1904 1024 1970 terras
1040 1920 1129 1970 oum
1145 1895 1314 1990 ptineeiis
1338 1895 1590 1994 spectantibus
1613 1899 1678 1974 seu
1702 1899 1798 1975 iuste

366 2041 528 2140 spectare
541 2042 753 2117 valentibus
779 2040 1064 2142 quomodolibet
1091 2039 1249 2131 infutun
1273 2040 1390 2114 libere
1415 2042 1543 2140 quiete
1570 2044 1676 2118 bene·
1694 2055 1735 2121 et
1758 2048 1799 2122 in

368 2211 460 2290 paee
488 2196 528 2263 et
555 2197 633 2264 tam
658 2188 812 2264 liberius
840 2195 880 2263 et
909 2186 1078 2288 quiecius
1108 2187 1270 2288 mtegbs
1302 2195 1343 2262 et
1366 2187 1675 2266 hononfioenoius
1707 2192 1800 2268 ficut

368 2335 494 2436 alique
510 2343 607 2409 terre
621 2335 661 2409 in
681 2357 796 2433 regno
815 2333 942 2410 Scooie
957 2333 1069 2408 alicui
1085 2307 1279 2409 monallio
1293 2361 1318 2431 p
1334 2333 1499 2434 aliquem
1515 2336 1557 2410 in
1577 2361 1713 2436 puram
1734 2339 1799 2415 eli-

367 2480 548 2558 mofinam
576 2481 835 2556 conceduntur
867 2479 944 2554 fiue
973 2479 1139 2556 dantur·
1153 2479 1345 2556 Faciendo
1366 2480 1429 2555 dii
1448 2483 1623 2558 monachi
1640 2485 1708 2583 qui
1731 2507 1801 2584 pro

367 2637 495 2729 tepore
520 2606 630 2704 sllint
656 2627 733 2702 diio
762 2628 830 2701 iiro
846 2625 950 2726 Regi
980 2649 1050 2725 pro
1078 2625 1245 2725 predicte
1270 2598 1344 2701 Pria
1376 2627 1533 2702 seruioiii
1558 2628 1733 2706 debitum
1760 2642 1802 2708 et

367 2775 587 2850 oonsuetum
599 2815 608 2836 ·
620 2774 708 2876 Ego
723 2795 814 2847 vero
831 2771 954 2847 dictus
971 2770 1104 2847 Dauid
1120 2780 1161 2846 et
1176 2771 1329 2845 heredes
1341 2773 1418 2846 mei
1430 2780 1549 2847 totam
1562 2782 1602 2847 et
1613 2775 1801 2875 integram

366 2917 476 2994 diam
491 2928 636 3018 partem
652 2927 777 3009 terras
801 2918 849 2994 de
865 2916 1104 2993 Wolchelide
1130 2928 1177 2992 οῦ
1201 2917 1370 3013 ptineoiis
1395 2903 1521 3014 {idiote
1544 2894 1737 2995 monallio
1760 2931 1800 2997 et

367 3065 559 3142 monacbis
575 3063 918 3140 ibidem-dueatur
934 3072 973 3138 et
989 3062 1181 3137 semituiia
1203 3062 1246 3135 in
1271 3062 1447 3138 omnibus
1470 3071 1511 3138 et
1533 3086 1602 3164 per
1626 3066 1726 3140 onia
1749 3077 1797 3142 ut

368 3209 584 3312 premillum
600 3212 654 3288 est
670 3212 968 3287 waratizabimus
992 3208 1262 3309 acquietabim9
1278 3216 1318 3283 et
1333 3219 1463 3284 oontra
1477 3233 1609 3286 omnes
1624 3212 1799 3289 mortales

366 3359 528 3435 fideliter
553 3368 593 3435 et
622 3360 698 3435 fine
724 3358 858 3435 fraude
874 3356 1144 3433 defendemus·
1159 3357 1208 3432 In
1224 3356 1334 3431 errius
1349 3356 1403 3431 rei
1428 3355 1685 3434 testimonium
1715 3361 1799 3458 'pnti

366 3515 466 3582 mite
480 3529 565 3582 mee
580 3504 745 3606 sigillum
761 3527 892 3579 meum
913 3503 966 3578 est
994 3503 1201 3603 appensum
1225 3501 1298 3577 biis
1314 3502 1469 3578 testibus
1491 3503 1693 3581 Nobilibus
1708 3507 1799 3582 viris

365 3652 450 3728 diiis
466 3652 639 3729 Waltero
656 3651 705 3728 de
714 3649 858 3750 Ogilby
875 3650 953 3726 diio
968 3649 1017 3724 de
1032 3649 1244 3726 luntrethin
1255 3691 1267 3714 ·
1280 3647 1455 3726 Johanne
1470 3650 1642 3728 forestare
1657 3652 1734 3729 dio
1750 3653 1800 3730 de

368 3797 606 3897 Corstorlyne
633 3807 674 3874 et
694 3799 856 3874 Willmo
885 3797 935 3872 de
963 3796 1180 3872 Creohtoun
1209 3795 1286 3871 diro
1314 3797 1419 3872 eiulil
1437 3798 1636 3874 'militibus
1667 3802 1798 3901 magro

367 3938 532 4016 Willmo
559 3942 608 4017 de
634 3941 755 4019 fowlis
783 3928 929 4043 {ipolito
957 3942 1006 4017 de
1034 3939 1204 4016 bothvile
1231 3944 1362 4042 magro
1390 3941 1524 4017 Dauid
1553 3942 1601 4016 de
1617 3943 1798 4018 Nemea

364 4091 496 4192 massro
511 4088 677 4166 Willmo
694 4089 783 4168 Soot
798 4088 996 4191 oapellanis
1011 4099 1059 4164 on
1082 4086 1204 4170 multt
1225 4085 1308 4162 aliis
1333 4085 1456 4187 Apud
1472 4086 1609 4162 Melros
1625 4087 1800 4164 vioelimo
1885 4091 1894 4106 ‘

365 4234 427 4312 die
442 4241 556 4316 meni
570 4237 600 4316 J
600 4236 669 4314 ulii
685 4237 805 4316 Anno
821 4233 987 4312 Domini
1011 4233 1207 4312 millelimo
1222 4232 1592 4336 quadringentelimo
1614 4233 1799 4312 trioefimo

367 4401 511 4478 pnmo·
1851 4394 1856 4409 '
