4425 5842
408 524 506 584 nuo.
516 523 610 580 uon.
622 521 649 576 1.
762 497 1122 578 MUNIMEN'I'A
1146 499 1226 581 DE
1252 498 1493 582 MELROS.
1770 511 1846 584 327

403 725 523 802 ,Carta
539 724 588 800 de
604 719 776 800 Pitnncio
790 729 904 802 cenni
918 717 1039 812 librari
1053 761 1061 782 ·

288 1017 359 1085 see
410 996 610 1094 Roberus
626 1012 689 1088 ue
703 1009 1326 1113 uanexuottorumoffinuus
1342 1012 1468 1112 probis
1483 1012 1703 1092 nomnibus
1719 1013 1842 1090 uuus

406 1134 468 1236 ile
492 1161 556 1238 sue
581 1161 704 1238 surm
718 1202 727 1222 ·
743 1155 875 1238 Sciatis
893 1199 904 1222 ο
921 1158 1002 1238 Nos
1016 1199 1030 1222 ι
1044 1183 1114 1259 pro
1140 1157 1259 1236 salute
1282 1161 1410 1236 unime
1439 1162 1529 1234 iire·
1545 1169 1588 1235 et
1622 1185 1691 1260 pro
1724 1160 1844 1237 salute

407 1307 560 1397 mrimnu
575 1305 782 1397 antecellunt
794 1333 808 1380 r
820 1315 860 1381 et
877 1305 1071 1395 Succell'ou
1096 1307 1192 1397 iirou
1209 1306 1364 1408 Regum
1382 1307 1532 1384 Scociet
1548 1305 1720 1384 Dediffe·
1738 1307 1841 1384 Con-

408 1453 539 1530 oeffiffe
556 1496 568 1518 ·
585 1461 626 1530 et
652 1451 721 1528 hec
746 1437 868 1552 §ilenti
895 1452 1008 1528 Carta
1034 1454 1100 1528 ira
1126 1449 1354 1530 confirmulse
1388 1454 1477 1530 Deo
1510 1463 1550 1528 et
1574 1455 1695 1530 Beate
1724 1455 1847 1542 tuane

410 1600 549 1702 virgini
563 1641 574 1664 ·
588 1609 627 1676 et
643 1599 843 1700 Religiofis
867 1600 957 1674 viris
973 1599 1121 1676 Abbati
1144 1609 1185 1674 et
1201 1599 1421 1676 Conuentui
1445 1602 1494 1675 de
1511 1600 1700 1690 coenoso·
1717 1613 1759 1678 et
1775 1629 1848 1691 eon

409 1746 681 1824 Suocelioribus
697 1748 738 1822 in
754 1756 898 1847 ppetuu
909 1787 919 1810 ·
931 1746 1100 1824 Centum
1114 1745 1248 1822 Libras
1264 1747 1467 1850 sterlingou
1480 1750 1616 1824 Annui
1626 1749 1819 1826 Redditus
1835 1793 1845 1811 ·

411 1893 563 1994 ungulis
577 1893 687 1970 annin
710 1893 922 1993 pcipiendee
947 1895 995 1970 de
1018 1893 1138 1970 firmis
1163 1895 1239 1969 iiris
1255 1895 1374 1993 Burgi
1393 1895 1552 1984 Berwici
1572 1919 1643 1991 nup
1659 1895 1844 1972 Twedam

411 2039 459 2114 ad
474 2011 617 2116 iminos
626 2039 848 2126 Pentecoste
863 2080 874 2102 ·
888 2049 929 2114 et
942 2039 1003 2118 sei
1014 2039 1174 2128 martini
1190 2039 1231 2114 in
1246 2039 1406 2138 hyeme·
1420 2063 1489 2138 pro
1505 2040 1633 2140 equali
1649 2041 1847 2139 porcione·

411 2183 473 2262 vel
495 2187 544 2264 de
567 2209 670 2262 noua
693 2186 877 2264 Cnstuma
902 2187 968 2260 iim
983 2187 1105 2285 Burgi
1131 2171 1243 2284 fidei·
1260 2186 1302 2263 si
1329 2184 1439 2260 firme
1464 2187 1529 2260 iire
1548 2171 1648 2285 {ldee
1669 2187 1718 2262 ud
1740 2190 1850 2264 diam

414 2335 569 2412 Sumam
587 2297 746 2432 pecunie
763 2307 904 2412 Suffile
920 2357 995 2408 non
1012 2307 1155 2432 polum
1168 2374 1177 2393 ·
1190 2331 1254 2408 vel
1271 2333 1319 2408 de
1334 2356 1435 2408 noua
1445 2333 1632 2410 Custume
1649 2336 1737 2408 iura·
1754 2339 1849 2412 Bur·

411 2505 488 2582 gon
503 2521 513 2542 ·
528 2484 625 2572 irco
639 2523 649 2543 ·
661 2481 711 2558 de
727 2479 954 2580 Edenbnrg‘
969 2479 1073 2558 etde
1089 2479 1323 2582 hudingtou‘·
1340 2481 1380 2555 Si
1396 2481 1507 2556 firme
1526 2482 1594 2556 rire
1610 2490 1650 2558 et
1666 2482 1851 2558 Custumu

411 2631 479 2706 iim
494 2628 584 2704 ville
602 2628 782 2706 Berwici·
797 2626 924 2728 aliquo
936 2627 1019 2702 cusu
1032 2627 1276 2727 contingente
1287 2626 1334 2702 ud
1346 2627 1419 2704 hoc
1434 2628 1533 2704 forte
1549 2653 1627 2706 non
1642 2630 1848 2707 sufficiunt·

415 2777 477 2854 ru
500 2803 527 2877 q
551 2777 620 2852 die
646 2775 764 2852 Simu
787 2775 947 2874 pecunie
964 2774 1131 2851 Centum
1149 2773 1379 2866 libramen
1394 2777 1851 2875 annuutim·integre·et

414 2923 508 3024 eosq
523 2922 794 3000 oont‘dictione
817 2921 963 3022 aliqua·
977 2920 1142 3020 plenarie
1166 2920 1376 3018 psoluatur·
1390 2906 1417 3019 Β
1433 2923 1580 2996 cunctis
1595 2921 1679 2998 eliis
1695 2924 1850 3022 quibus-

415 3093 524 3170 cunq,
550 3068 857 3170 affignmionibus
885 3095 909 3164 p
937 3091 1006 3146 nos
1033 3068 1143 3146 faceis
1172 3091 1239 3146 eeu
1266 3067 1447 3145 faciendis
1468 3111 1477 3130 ·
1495 3069 1545 3144 ud
1573 3070 1852 3147 inueniendum

415 3218 597 3317 inppetuu
613 3215 768 3317 nugulis
784 3215 934 3294 Diebus
952 3216 1110 3294 cuilibet
1123 3216 1304 3296 monacho
1317 3189 1494 3315 ‹0011qu
1513 3201 1599 3316 fidei
1613 3260 1623 3278 ·
1636 3217 1852 3294 comedenti

417 3367 456 3442 in
467 3364 682 3444 Refectorio
694 3373 773 3440 vnl'r
785 3363 969 3441 sufficiens
980 3361 1166 3440 ferculum
1181 3403 1190 3424 ·
1205 3363 1382 3442 Risumm
1400 3363 1489 3453 ficu
1503 3388 1595 3440 cum
1608 3363 1705 3441 lacte
1714 3365 1854 3464 Amig-

418 3511 622 3602 dulae-vel
645 3511 745 3610 pilon
759 3551 769 3574 ·
785 3511 875 3590 Siue
898 3509 1001 3601 olion
1024 3509 1137 3601 cibou
1162 3509 1373 3588 Consimilis
1398 3509 1627 3588 condicionis
1643 3554 1651 3575 ·
1666 3497 1853 3605 inuentou

417 3661 457 3733 in
474 3661 614 3759 patrio·
628 3669 668 3735 et
694 3659 792 3734 illud
818 3656 1226 3772 ferculum-ferculum
1248 3657 1369 3758 Regis
1394 3659 1592 3736 vocabitur
1616 3635 1779 3739 ine‘tlni·
1797 3662 1853 3738 Et

418 3805 595 3905 fiuliquis
613 3805 905 3894 monachumex
928 3803 1054 3904 aliqua
1079 3806 1186 3880 causa
1210 3801 1362 3880 honesto
1376 3847 1385 3865 ·
1400 3805 1450 3878 de
1465 3806 1535 3881 dio
1551 3805 1717 3881 ferculo·
1731 3831 1854 3880 come-

419 3953 481 4028 d⁹e
496 3952 681 4029 noluerit·
695 3953 756 4029 vel
778 3952 879 4028 refici
903 3976 982 4028 non
1009 3925 1138 4053 polit}
1154 3976 1232 4028 non
1254 3953 1376 4030 ‹oinue
1402 3960 1569 4027 attamen
1597 3951 1680 4029 Sibi
1707 3952 1757 4027 de
1782 3953 1854 4028 dio

420 4099 564 4175 ferculo
581 4100 844 4178 ministret²·et
868 4099 915 4174 ad
940 4107 1087 4198 portam
1112 4123 1182 4198 pro
1206 4097 1363 4199 paupib3
1389 4098 1630 4198 deportetur·
1645 4101 1730 4176 Nec
1746 4099 1855 4176 volu-

419 4271 505 4326 mus
515 4289 524 4310 ·
536 4273 564 4346 q
576 4247 764 4326 woriculione
779 4245 913 4324 ferculi
931 4247 987 4324 ini
1004 4230 1112 4345 fidei·
1126 4245 1346 4346 prandium·
1362 4244 1411 4324 di
1416 4245 1430 4319 i
1442 4245 1674 4326 Conuentue
1685 4289 1695 4310 ·
1706 4249 1758 4325 de
1773 4275 1853 4348 quo

421 4395 630 4495 antiquitus
641 4435 651 4458 ·
663 4365 840 4471 comuni?
860 4391 913 4468 eie
930 4391 1070 4472 deiuiri
1089 4393 1181 4473 Siue
1194 4393 1362 4474 ‹oinist‘ri
1379 4391 1532 4472 solebat
1548 4395 1590 4470 in
1605 4394 1738 4496 oliquo
1753 4398 1854 4497 peio-

421 4551 523 4620 retur
542 4565 611 4618 eeu
627 4541 863 4621 diminuetur
878 4540 1070 4620 Volumus
1094 4542 1223 4639 infun·
1238 4551 1278 4618 et
1300 4540 1496 4620 ordinum?
1510 4584 1519 4603 ·
1532 4569 1562 4641 q
1576 4543 1710 4624 Abnu
1731 4545 1854 4622 eitum

424 4663 604 4792 onml‘uj
621 4689 713 4791 ·qui
729 4713 798 4790 pro
813 4698 984 4789 tempore
999 4689 1114 4766 fuerit
1125 4731 1135 4751 ·
1145 4689 1195 4766 de
1206 4689 1397 4768 consensu
1409 4689 1550 4779 Sunion
1566 4690 1615 4766 de
1627 4691 1854 4774 Conuentw

424 4809 603 4940 Spectuli¹
622 4836 825 4918 eomlituut
852 4859 974 4946 vnum
999 4835 1179 4918 oomclru
1203 4835 1368 4936 pultium
1382 4844 1444 4916 ·et
1460 4836 1661 4949 discretum
1676 4879 1686 4900 ·
1700 4837 1749 4913 od
1763 4836 1856 4915 reci·
