4425 5842
381 515 475 575 ano.
491 518 586 578 non.
597 521 626 577 1.
724 497 1082 578 MUNIMENTA
1107 497 1188 575 DE
1214 497 1455 576 MELROS.
1734 495 1807 570 ³6³

380 715 573 794 attestata
588 717 665 794 dne
680 717 880 796 Eustochio
893 759 903 783 ·
916 719 1029 794 eodie
1044 717 1093 796 de
1109 717 1313 818 Ouahylt'·

267 1015 334 1080 40⁰
379 985 576 1084 Attestato
608 1009 682 1084 dde
710 1007 911 1084 Eustaohie
940 1009 1118 1086 Lachene
1142 1011 1209 1105 sup
1235 1009 1333 1086 Jure
1362 1013 1582 1108 patronatus
1614 1004 1728 1082 eoolie
1759 1003 1808 1080 de

380 1153 611 1254 Ouohyltre·
626 1154 803 1230 videlieet
817 1181 845 1255 q
860 1177 956 1231 auus
971 1156 1061 1232 snus
1075 1197 1086 1217 ·
1102 1156 1189 1232 Dira
1211 1155 1405 1232 Johannea
1428 1155 1478 1228 de
1499 1150 1661 1230 Coluille
1673 1191 1685 1214 ·
1696 1171 1809 1262 renis

377 1299 478 1377 illius
492 1301 607 1376 eoclie
621 1309 865 1400 patronus-a
881 1300 952 1376 dia
967 1301 1134 1378 eiusdem
1150 1302 1311 1376 Baronie
1334 1301 1431 1376 duoa
1445 1299 1524 1375 ll‘ea
1538 1300 1650 1376 nuit·
1664 1296 1807 1372 Willm

375 1448 512 1526 scilieet
529 1463 556 1523 t
571 1443 781 1523 Thomam·
797 1449 907 1524 Idem
922 1472 1012 1524 vero
1027 1447 1193 1526 dohanas
1209 1447 1334 1523 Willo
1356 1447 1411 1521 ffi
1433 1447 1500 1523 suo
1524 1446 1632 1521 dedit
1650 1444 1806 1520 eooliam

376 1593 425 1672 de
439 1593 650 1693 Ouohyltre
663 1628 677 1667 l
690 1593 839 1676 Thome
862 1595 1001 1670 iuniori
1025 1595 1133 1670 dedit
1154 1595 1348 1670 baroniam
1368 1593 1417 1669 de
1433 1592 1643 1692 Ouchyltre
1665 1601 1713 1667 cii
1736 1591 1810 1689 pti-

376 1741 517 1818 nenciia
530 1781 543 1802 ·
556 1739 714 1818 Mortuo
738 1739 822 1816 thiil
845 1740 923 1816 fine
947 1740 1082 1816 herede
1095 1773 1110 1814 ι
1123 1740 1194 1815 hoe
1209 1745 1231 1814 t
1246 1741 1324 1816 line
1348 1739 1430 1814 filio
1442 1737 1634 1839 legittimo
1648 1777 1658 1799 ·
1672 1737 1807 1812 Frater

377 1889 464 1962 litua
485 1885 641 1962 Willma
656 1883 800 1962 Rector
826 1887 941 1961 eoelie
967 1887 1017 1960 de
1041 1885 1238 1962 Ouohiltre
1265 1886 1428 1960 suoeeffit
1454 1884 1522 1960 fibi
1550 1885 1592 1958 in
1614 1883 1808 1958 baroniam

378 2032 501 2131 tamq‘
511 2031 616 2106 heres
631 2031 702 2107 ffia
716 2033 773 2106 sui
790 2055 904 2106 uerus
920 2047 947 2107 ‘t
962 2025 1174 2131 legittimus
1187 2073 1198 2093 ·
1211 2031 1330 2120 Quod
1341 2030 1445 2105 facti'r
1462 2029 1538 2104 dio
1553 2028 1631 2104 iohi
1647 2027 1809 2127 plmoge·

378 2177 460 2251 nito
475 2187 526 2252 no
550 2178 698 2252 modioo
723 2177 961 2277 displicebat·
977 2199 1047 2252 neo
1071 2175 1223 2252 uolebat
1245 2175 1489 2277 aliquomodo
1512 2176 1688 2251 sustinere
1703 2173 1809 2274 quod

376 2321 488 2398 frater
504 2324 591 2398 suus
607 2322 765 2398 Willms
782 2340 809 2398 a
825 2323 895 2397 diis
921 2327 980 2397 tet
997 2323 1158 2400 Baronie
1184 2324 1232 2398 de
1256 2320 1502 2422 Onchylt·t
1527 2323 1670 2398 nector
1694 2322 1808 2396 eodie

378 2443 564 2546 eiusdem·
580 2469 637 2544 Et
662 2469 749 2543 ideo
775 2467 936 2543 eontulit
951 2469 1026 2544 Jua
1050 2477 1269 2568 patronatus
1299 2469 1399 2544 dicte
1423 2469 1536 2545 eoclie
1552 2467 1742 2568 Hospitali
1758 2469 1807 2544 de

376 2610 620 2712 Torfychyn·
635 2614 684 2688 de
700 2613 799 2688 freto
814 2621 1001 2712 quotenus
1029 2581 1177 2712 poterat
1195 2613 1377 2688 conferri·
1396 2613 1552 2689 Willmn
1567 2637 1660 2690 uero
1676 2613 1806 2690 nolena

375 2761 435 2836 rus
449 2762 519 2836 nr
535 2761 707 2836 amittae
723 2763 863 2835 etnam
879 2760 984 2834 suam
1010 2755 1235 2836 defendebat
1257 2734 1388 2833 eontra
1410 2757 1494 2835 nos
1516 2761 1566 2834 ae
1580 2761 1807 2859 arsynya.

378 2907 470 2984 Lite
497 2905 565 2980 diu
592 2906 723 2981 durate
750 2903 905 2979 tandem
931 2906 1034 2980 inter
1059 2913 1140 3002 ptea
1164 2913 1243 2979 erat
1259 2911 1449 2980 conuento
1465 2931 1493 3006 q
1508 2903 1631 2980 dictua
1646 2903 1807 2981 Willma

377 3059 462 3126 toto
478 3059 602 3147 tempe
616 3051 682 3126 suo
697 3052 750 3126 eir
766 3051 957 3150 quandam
980 3057 1122 3126 eertam
1145 3049 1361 3149 penfionem
1383 3049 1585 3126 annualem
1608 3050 1806 3127 redderet.

378 3197 466 3273 latia
481 3199 572 3274 aetia
591 3201 750 3274 moritur
765 3171 856 3276 idm
872 3197 943 3272 dds
958 3197 1082 3272 iores·
1097 3195 1173 3272 Cui
1189 3195 1353 3274 suoeeffit
1372 3195 1476 3272 filins
1491 3197 1579 3272 suus
1594 3198 1806 3299 legittimus

376 3325 636 3444 Willmarqui
664 3344 898 3444 desponltuit
926 3343 1045 3420 liliam
1072 3343 1139 3419 diii
1164 3343 1324 3420 Johania
1348 3344 1398 3418 de
1414 3343 1630 3421 Normtuill
1654 3345 1703 3420 de
1728 3371 1806 3446 qua

373 3491 498 3567 dictus
526 3490 645 3565 Willa
677 3489 812 3592 genuit
845 3487 996 3567 Thoma
1030 3507 1057 3568 ”t
1091 3489 1306 3566 Eustaeiam
1338 3487 1446 3565 iilam
1459 3531 1470 3556 ·
1484 3491 1616 3567 Demo
1644 3494 1806 3569 moritur

375 3637 494 3714 wira
510 3637 580 3712 dila
604 3635 653 3712 de
669 3637 866 3714 Ouchiltre
888 3645 930 3713 et
953 3637 1095 3713 Rector
1110 3637 1300 3714 eiusdem·
1316 3635 1387 3743 1130
1409 3645 1561 3714 mortno
1583 3641 1806 3717 acoefferunt

375 3785 513 3858 mores
528 3783 622 3858 dien
637 3783 793 3859 wenni
809 3799 836 3859 e
852 3783 1031 3883 petebant
1045 3807 1068 3858 a
1083 3790 1222 3883 nepote
1237 3783 1525 3873 mandente
1539 3809 1563 3860 a
1579 3785 1702 3861 wno
1724 3785 1805 3860 ano
1953 3762 1960 3773 ’

374 3927 518 4004 iohlnir
548 3927 743 4006 Baroniam
771 3929 875 4004 illam
900 3931 949 4006 de
977 3928 1181 4028 Ouehylt·
1194 3929 1367 4028 allegntea
1382 3954 1409 4027 q
1424 3941 1477 4005 no
1491 3903 1601 4029 polin
1627 3946 1654 4006 *t
1677 3931 1749 4004 dds
1774 3948 1803 4008 a

374 4073 479 4150 heres
495 4079 561 4150 lie·
576 4073 668 4152 Una
682 4075 777 4166 istan
792 4083 872 4150 erat
887 4076 1061 4152 maritata
1083 4085 1131 4151 οῦ
1146 4076 1183 4150 le
1199 4073 1427 4150 Mateohauz
1441 4116 1453 4138 ·
1466 4075 1557 4151 Alia
1573 4087 1620 4153 οῦ
1635 4077 1672 4152 le
1688 4079 1802 4156 Mau·

374 4221 498 4298 talenz
516 4221 650 4297 Tereia
665 4233 713 4298 cfr
737 4221 774 4298 le
790 4223 973 4298 Heronnz
988 4263 998 4286 ·
1012 4223 1161 4313 Quarta
1174 4222 1285 4322 uirgo
1300 4229 1452 4298 mortua
1474 4223 1551 4298 est·
1568 4224 1686 4314 Quod
1711 4251 1801 4302 eum

371 4365 578 4467 ppendiffet
593 4368 719 4446 dionis
736 4367 853 4442 Wills
869 4367 1012 4444 aoneffit
1034 4369 1075 4443 in
1091 4367 1276 4468 Angliam
1300 4383 1328 4444 *t
1352 4367 1460 4444 dedit
1483 4377 1603 4446 totam
1626 4371 1729 4449 illam
1754 4383 1802 4448 οὔ

372 4513 577 4588 adnotat-'te
592 4513 693 4588 dicte
709 4513 822 4590 eoelie
837 4513 1038 4590 Enitaehie
1066 4513 1143 4589 filie
1168 4514 1234 4590 sue
1260 4539 1337 4614 que
1363 4524 1458 4592 tuno
1486 4518 1595 4592 etatis
1621 4527 1701 4593 erat
1725 4519 1801 4595 trii'r

373 4679 587 4733 annorum·
607 4659 696 4748 Qua
725 4659 952 4734 donatonem
981 4659 1234 4736 mtifioeuerat
1257 4661 1425 4760 predicte
1449 4671 1614 4761 quatuor
1636 4665 1798 4737 sorores·

371 4803 550 4905 Ueroptr
564 4813 824 4906 postmortem
835 4805 990 4882 Willmi
1005 4804 1071 4881 diri
1087 4807 1136 4882 de
1146 4803 1329 4906 Ouohylt·
1339 4823 1366 4884 a
1378 4808 1551 4885 Rectoria
1561 4808 1629 4883 iste
1638 4808 1796 4884 Wiilma
