4425 5842
1103 589 1145 672 vi

1032 797 1206 864 MERSE.
1301 796 1304 803 ⁴

409 923 482 1004 4⁰9.
506 921 605 986 Carta
619 918 694 986 Ade
712 919 753 986 de
779 919 910 987 Gordon
938 917 1046 986 militia
1068 919 1110 988 de
1134 931 1219 986 terra
1238 917 1274 984 in
1295 918 1453 986 territorio
1474 917 1516 986 de
1531 921 1592 986 Eat
1605 918 1752 1000 Gordou,
1775 932 1838 1008 per·

406 1045 531 1111 divisae
576 1045 699 1134 [teget.
714 1053 825 1110 recent.

407 1169 480 1234 410.
504 1167 685 1234 Ratificatio
698 1166 774 1234 Ade
787 1165 844 1232 filii
858 1165 976 1234 domiui
990 1167 1066 1234 Adc
1079 1166 1121 1235 de
1135 1165 1276 1234 Gnidon.
1321 1167 1445 1255 Regin.
1461 1176 1572 1233 recent.

1026 1414 1206 1480 ennam.

405 1537 477 1600 411.
501 1531 662 1620 Obligatio
676 1532 832 1600 witelmi
846 1533 886 1598 de
900 1535 1025 1600 nutem
1039 1534 1148 1600 muita
1162 1535 1203 1600 ee
1216 1535 1365 1602 moa
1378 1533 1535 1623 burgagti
1579 1515 1706 1622 aegest
1719 1517 1842 1598 remos

402 1659 474 1723 410.
498 1658 596 1722 Carta
610 1655 750 1744 ejusdem
764 1678 836 1721 cum
854 1656 1009 1724 umentia.
1057 1659 1150 1746 On'g.

959 1903 1245 1970 ROKISBURC.

409 2025 483 2090 410.
506 2025 696 2112 Preceptum
712 2033 743 2088 et
758 2023 914 2089 attestatio
928 2023 1027 2090 umine
1042 2023 1082 2089 de
1092 2024 1115 2088 ii
1129 2025 1253 2091 bovatia
1266 2037 1347 2090 terre
1359 2026 1393 2092 in
1408 2025 1589 2114 Bemerayd.
1636 2029 1727 2114 On‘g.

402 2149 474 2211 414.
499 2147 675 2212 conventio
696 2147 778 2212 inter
800 2145 996 2234 Episcopum
1012 2147 1118 2214 Sancti
1133 2147 1264 2214 Andree
1277 2159 1309 2213 et
1324 2149 1445 2214 Meiros
1467 2148 1612 2222 deterra
1625 2147 1666 2212 de
1680 2147 1828 2214 Carthaw

399 2269 432 2333 in
447 2291 612 2334 commune
625 2270 778 2338 habenda.
828 2271 921 2358 Orig.

401 2397 473 2462 415.
498 2390 777 2484 [Luscinum]
801 2396 899 2460 Carta
914 2393 1070 2458 Johanuis
1085 2393 1126 2458 de
1140 2395 1327 2460 Hormieton
1341 2394 1382 2459 dc
1396 2406 1462 2459 tota
1477 2407 1559 2458 tetra
1575 2417 1641 2459 suu.
1688 2396 1778 2482 Orig.

400 2516 473 2584 416.
498 2522 594 2584 Carta
609 2518 707 2604 Regis
720 2518 761 2585 de
775 2529 842 2584 tota
855 2530 939 2583 terra
954 2527 1057 2583 suaet
1072 2528 1257 2584 tenemento.
1306 2519 1396 2606 Orig.

402 2642 474 2707 417.
499 2642 597 2706 Carta
609 2639 760 2727 ejusdem.
807 2641 901 2728 orig.

402 2764 475 2828 418.
499 2763 596 2828 Carta
624 2761 764 2851 ejusdem
786 2763 826 2828 de
848 2762 956 2828 eadem
978 2785 1051 2829 cum
1074 2762 1208 2828 servitiis
1230 2765 1284 2827 &c
1315 2761 1411 2827 libere
1433 2761 1603 2825 tenentium
1634 2761 1676 2826 ad
1704 2761 1824 2827 dictum

400 2897 611 2952 tenementum
626 2885 859 2974 pertinentium.
908 2888 999 2974 Orig.

399 3010 472 3079 419.
496 3008 688 3074 Mandatum
703 3008 802 3096 Regia
816 3009 857 3074 ad
871 3007 1094 3097 inquirendum
1110 3009 1137 3074 ai
1152 3008 1332 3096 Maxpoffil,
1347 3007 1506 3094 Heuisyd‚
1522 3009 1768 3095 Gammayatoun
1792 3025 1823 3072 et

399 3130 566 3196 Iliffistoun
582 3133 719 3198 solebant
734 3133 888 3220 pertinere
902 3131 944 3196 ad
959 3144 1170 3198 tenementum
1190 3133 1230 3199 de
1245 3132 1467 3220 Lcaaydewyn.
1514 3133 1606 3220 Orig.

397 3253 470 3316 400.
495 3254 591 3318 Carta
607 3253 705 3340 Regis
719 3253 759 3318 de
782 3264 957 3320 tenemento
970 3226 1011 3319 dc
1025 3252 1236 3340 Iessydewyn
1256 3275 1329 3317 cum
1354 3253 1486 3317 servitiis
1501 3256 1555 3317 &c
1582 3253 1738 3319 dictatum
1763 3268 1823 3320 ter-

397 3396 504 3438 rarum
519 3374 617 3440 eidem
633 3376 864 3463 pertinentium.
913 3379 1004 3463 Orig.

397 3499 469 3562 401.
494 3499 591 3564 Carta
607 3498 770 3564 Laurentii
785 3499 825 3564 de
840 3499 1031 3587 Abyrnethy
1048 3499 1088 3564 de
1104 3508 1171 3564 tota
1185 3511 1268 3564 terra
1284 3497 1396 3564 suade
1412 3499 1642 3586 Mackyspoffil.
1689 3503 1779 3588 orig.

397 3623 470 3684 400.
494 3617 711 3709 [Romnum]
735 3622 833 3688 Carta
848 3621 973 3688 Thome
987 3619 1151 3708 Ranulphi
1166 3621 1288 3686 comitia
1304 3620 1457 3686 Moravie.
1505 3624 1597 3708 Orig.

399 3744 472 3807 403.
496 3742 605 3807 Litera
619 3745 767 3808 attornati
783 3767 841 3830 pro
856 3743 956 3808 sasina
972 3743 1132 3810 tradenda.
1180 3745 1271 3830 On'g,

396 3866 468 3928 404.
493 3864 603 3929 Lettre
616 3865 770 3932 d'attorne
785 3888 847 3954 pur
861 3865 958 3932 doner
973 3867 1100 3955 aeysiue.
1148 3867 1239 3954 Orig.

394 3987 467 4053 405.
491 3985 696 4053 Confirmatio
711 3987 841 4053 Patricii
855 3985 976 4054 comitis
991 3986 1146 4054 Marchie.
1194 3989 1286 4075 Orig.

395 4108 467 4176 406.
491 4109 696 4178 Confirmatio
710 4111 819 4200 Regis.
865 4112 990 4201 Regini.
1005 4120 1116 4178 recent.

393 4232 466 4300 407.
490 4231 693 4319 Indulgentiae
706 4255 848 4299 concessa
863 4232 1060 4298 visitantibus
1074 4229 1225 4319 capeliam
1239 4230 1280 4296 de
1295 4232 1392 4296 veteri
1409 4230 1538 4296 Meiros.
1571 4233 1696 4319 negiu.
1710 4245 1819 4300 recent.

396 4357 468 4418 408.
492 4355 686 4442 Compositio
698 4355 780 4421 inter
794 4354 934 4422 Calchou
949 4370 981 4419 et
997 4353 1119 4419 Melros
1133 4353 1174 4418 de
1188 4353 1316 4420 decimis
1330 4353 1370 4418 de
1386 4353 1562 4442 Ugginges.
1608 4356 1698 4443 orig.

951 4600 1264 4666 TEVIOTDAIL.

395 4723 467 4793 409.
490 4719 672 4786 Ratificatio
686 4720 820 4788 Roberti
842 4722 978 4809 episcopi
995 4721 1199 4808 Glesgueuais
1219 4721 1259 4786 de
1275 4721 1431 4787 fructibus
1446 4723 1559 4788 vicarie
1579 4724 1620 4789 de
1635 4725 1821 4790 Hasaeuden

395 4845 429 4909 iu
444 4844 613 4931 pitanciam
628 4844 786 4910 concessis.
834 4845 924 4932 Orig.

396 4971 469 5034 430.
493 4967 667 5034 Attestatio
681 4983 712 5034 et
728 4967 873 5036 Vidimus
887 4965 1043 5032 iohannis
1057 4966 1204 5054 episcopi.
1250 4968 1336 5054 On'g
