4425 5842
1098 481 1182 564 xiv*

412 694 487 758 541.
510 693 621 757 Lettre
649 691 687 756 oi
709 691 762 756 the
787 711 908 777 snmyu‚
931 691 1045 779 letting
1073 701 1108 756 to
1128 689 1226 756 borch
1249 699 1283 755 to
1312 691 1435 757 Meiros
1457 691 1511 757 tlte
1533 691 1636 759 lundis
1666 692 1700 760 iu
1730 697 1844 764 debete

413 813 572 900 recunysit
586 811 619 876 in
634 810 682 877 his
696 811 817 876 bandis.
864 813 956 900 Orig.

414 936 488 999 542.
511 934 717 999 Confirmatio
731 931 872 1020 ejusdem
887 932 927 997 de
941 944 1027 998 corto
1041 932 1168 999 Thome
1178 931 1304 998 comitis
1318 933 1474 1014 Monunio,
1489 935 1531 1000 Ν.
1545 938 1618 1001 422.
1664 939 1757 1026 Ong

414 1061 488 1124 548.
512 1056 717 1124 Confirmatio
730 1055 871 1143 ejusdem
884 1055 925 1120 de
939 1055 1059 1134 eodem,
1074 1078 1147 1120 oum
1161 1053 1278 1120 divisis.
1324 1056 1416 1142 Origo

414 1183 488 1246 544.
512 1179 690 1245 Publioatio
710 1177 1037 1244 excommunicationis
1053 1177 1186 1243 Jounuis
1201 1179 1296 1265 Hsge
1317 1176 1436 1243 domini
1456 1178 1497 1245 de
1512 1180 1703 1268 Bemersyde
1714 1185 1846 1271 ejusque

415 1301 661 1367 consiliariorum
675 1311 707 1366 et
722 1301 903 1389 adjutorum
917 1302 959 1367 ab
973 1300 1101 1366 Abbute
1116 1310 1147 1364 et
1163 1313 1318 1367 conventu
1332 1301 1373 1366 de
1388 1301 1517 1368 Meiros.
1564 1306 1656 1393 orig.

417 1429 492 1492 545.
515 1425 631 1492 Purule
645 1425 682 1490 of
700 1423 754 1490 the
770 1424 901 1504 merobis
914 1424 955 1490 be
969 1424 1153 1490 Archebuld
1166 1424 1245 1490 Erlo
1258 1425 1296 1489 of
1307 1426 1464 1513 Doughs,
1485 1427 1556 1492 lord
1569 1427 1607 1492 of
1626 1427 1681 1494 tho
1693 1430 1798 1516 rogulo
1810 1431 1849 1496 of

416 1549 579 1629 Luwedre‚
596 1547 670 1613 with
685 1571 743 1614 oue
757 1571 869 1636 assyse.
917 1549 1009 1634 Orig.

415 1669 488 1737 546.
514 1670 824 1759 [Sonwncssmtn]
850 1669 1166 1757 Confirmatiollegie
1179 1670 1410 1758 compositionis
1419 1669 1501 1737 inter
1513 1671 1633 1739 Melms
1645 1686 1678 1739 et
1688 1674 1845 1740 Comitem

417 1795 458 1859 do
472 1795 619 1873 nunno,
635 1797 676 1859 N.
694 1797 765 1860 102.
813 1796 905 1884 Orig.

1002 2040 1254 2105 SELKRIGE.

417 2168 490 2235 547.
516 2163 691 2229 ludentum
703 2163 903 2230 assedationis
918 2163 1083 2229 tenementi
1098 2163 1131 2226 iu
1146 2162 1222 2227 villa
1233 2161 1316 2227 lacte
1327 2161 1467 2228 Johuuui
1478 2162 1657 2251 Brydiuson
1670 2175 1704 2230 et
1719 2165 1845 2233 Thomu

417 2288 580 2354 Robinson
598 2287 764 2352 sutoribus.
813 2289 904 2374 ung.

417 2413 490 2476 548.
515 2406 759 2498 [usnemun]
782 2412 880 2474 Carta
904 2406 1038 2474 Roberti
1066 2408 1140 2472 Soot
1167 2406 1286 2472 domiui
1315 2407 1355 2472 de
1378 2406 1599 2474 Renltilburno
1627 2407 1668 2473 de
1690 2409 1780 2474 terris
1804 2408 1846 2474 de

418 2529 579 2617 Glenltcry
594 2551 651 2616 per
665 2529 791 2610 divisas,
806 2531 838 2594 in
854 2528 1051 2594 excambium
1066 2549 1125 2614 pm
1139 2527 1319 2593 Bellenden.
1366 2529 1458 2616 Orig.

417 2654 490 2724 549.
515 2650 719 2720 Confirmatio
734 2651 823 2716 Petri
836 2650 877 2716 de
893 2648 1068 2715 Kokburne
1083 2646 1202 2713 domini
1215 2649 1256 2713 ‹le
1271 2646 1470 2734 Heuryleud,
1485 2651 1662 2736 superioris.
1708 2651 1801 2740 Orig.

726 3101 881 3178 REGE
906 3099 1123 3177 JACOBO
1149 3100 1202 3176 ΙΙ.
1256 3101 1414 3174 1496-
1429 3102 1535 3177 1460.

1030 3359 1235 3424 BERWIC.

417 3487 492 3552 550.
516 3485 691 3550 ludentum
705 3483 746 3549 de
760 3483 885 3550 duobus
904 3484 1086 3548 tenementis
1100 3483 1134 3546 in
1149 3482 1202 3546 via
1215 3483 1319 3569 pontis
1333 3484 1531 3549 uConvoutu
1542 3485 1692 3549 concessis
1703 3485 1850 3551 Roberto

418 3607 527 3694 Bunell
541 3608 572 3672 in
588 3607 772 3674 seodilirma.
819 3609 910 3694 Orig.

677 3939 678 3942 Ἴ
977 3851 1279 3917 EDINBURGH.

417 3977 490 4042 551.
515 3976 612 4041 Carta
626 3973 781 4039 Willelmi
796 3974 956 4041 Vemoure
971 3972 1012 4038 de
1027 3973 1157 4038 terrain
1174 3974 1331 4058 Congute.
1377 3971 1501 4060 Regist.
1518 3981 1628 4037 recent.

975 4213 1277 4280 HADING'I'ON.

420 4343 493 4408 552.
517 4339 817 4429 [Ennoumsnon]
841 4341 1092 4404 Instrumentum
1114 4336 1154 4402 de
1168 4336 1379 4426 publicatione
1392 4334 1590 4425 quorundam
1608 4339 1847 4428 plivilegiorum

419 4463 586 4552 Popilium
601 4463 640 4527 de
655 4461 791 4527 decimis.
838 4463 928 4549 Orig.

417 4589 491 4654 553.
516 4589 764 4651 instrumentum
779 4605 873 4672 super
887 4582 1070 4672 spoliatione
1085 4581 1278 4648 decimarum
1293 4606 1312 4648 a
1325 4582 1482 4651 cononicis
1495 4583 1537 4650 de
1551 4585 1696 4652 Dunbcr.
1742 4589 1839 4674 Orig.

416 4717 489 4780 554.
513 4709 706 4800 Compositio
720 4709 800 4775 iuter
816 4707 937 4774 Melsos
951 4718 983 4772 et
998 4707 1134 4772 Duubor
1148 4707 1189 4773 de
1203 4707 1342 4774 decimis.
1386 4709 1480 4796 Orig.

416 4841 489 4904 555.
514 4838 763 4902 Instrumentum
778 4833 818 4900 de
831 4829 948 4898 cadem.
995 4832 1087 4918 Onig.
