<?xml version="1.0" encoding="UTF-8"?>
<!DOCTYPE html PUBLIC "-//W3C//DTD XHTML 1.0 Transitional//EN"
    "http://www.w3.org/TR/xhtml1/DTD/xhtml1-transitional.dtd">
<html xmlns="http://www.w3.org/1999/xhtml" xml:lang="en" lang="en">
 <head>
  <title>
</title>
<meta http-equiv="Content-Type" content="text/html;charset=utf-8" />
  <meta name='ocr-system' content='tesseract 3.04.00' />
  <meta name='ocr-capabilities' content='ocr_page ocr_carea ocr_par ocr_line ocrx_word'/>
</head>
<body>
  <div class='ocr_page' id='page_1' title='image "./libersanctemari02innegoog_0026.png"; bbox 0 0 4425 5842; ppageno 0'>
   <div class='ocr_carea' id='block_1_1' title="bbox 744 977 1529 1055">
    <p class='ocr_par' dir='ltr' id='par_1_1' title="bbox 744 977 1529 1055">
     <span class='ocr_line' id='line_1_1' title="bbox 744 977 1529 1055; baseline 0.001 -1"><span class='ocrx_word' id='word_1_1' title='bbox 744 977 899 1054; x_wconf 82' lang='lat' dir='ltr'><strong>REGE</strong></span> <span class='ocrx_word' id='word_1_2' title='bbox 923 977 1139 1055; x_wconf 89' lang='lat' dir='ltr'><strong>JACOBO</strong></span> <span class='ocrx_word' id='word_1_3' title='bbox 1165 979 1199 1054; x_wconf 92' lang='grc' dir='ltr'><strong>Ι.</strong></span> <span class='ocrx_word' id='word_1_4' title='bbox 1250 978 1529 1055; x_wconf 76' lang='lat'><strong>1406-1436.</strong></span> 
     </span>
    </p>
   </div>
   <div class='ocr_carea' id='block_1_2' title="bbox 413 1232 1841 1583">
    <p class='ocr_par' dir='ltr' id='par_1_2' title="bbox 413 1232 1841 1583">
     <span class='ocr_line' id='line_1_2' title="bbox 1011 1232 1237 1298; baseline 0 -2"><span class='ocrx_word' id='word_1_5' title='bbox 1011 1232 1237 1298; x_wconf 85' lang='lat' dir='ltr'><strong>ABBACIA.</strong></span> 
     </span>
     <span class='ocr_line' id='line_1_3' title="bbox 413 1349 1841 1440; baseline 0 -22"><span class='ocrx_word' id='word_1_6' title='bbox 413 1355 485 1420; x_wconf 76' lang='grc'><strong>507.</strong></span> <span class='ocrx_word' id='word_1_7' title='bbox 510 1352 619 1417; x_wconf 79' lang='lat' dir='ltr'>Litera</span> <span class='ocrx_word' id='word_1_8' title='bbox 645 1349 833 1417; x_wconf 84' lang='lat' dir='ltr'>Archibnidi</span> <span class='ocrx_word' id='word_1_9' title='bbox 863 1351 983 1418; x_wconf 82' lang='lat' dir='ltr'>comitis</span> <span class='ocrx_word' id='word_1_10' title='bbox 1012 1351 1053 1416; x_wconf 91' lang='lat' dir='ltr'>de</span> <span class='ocrx_word' id='word_1_11' title='bbox 1078 1352 1239 1440; x_wconf 79' lang='lat' dir='ltr'>Dowglas,</span> <span class='ocrx_word' id='word_1_12' title='bbox 1269 1353 1335 1418; x_wconf 86' lang='lat' dir='ltr'>filio</span> <span class='ocrx_word' id='word_1_13' title='bbox 1364 1377 1421 1420; x_wconf 81' lang='lat' dir='ltr'>suo</span> <span class='ocrx_word' id='word_1_14' title='bbox 1445 1354 1642 1420; x_wconf 79' lang='lat' dir='ltr'>Amhibnldo</span> <span class='ocrx_word' id='word_1_15' title='bbox 1669 1354 1773 1420; x_wconf 88' lang='lat' dir='ltr'>oomiti</span> <span class='ocrx_word' id='word_1_16' title='bbox 1798 1355 1841 1419; x_wconf 87' lang='lat' dir='ltr'>de</span> 
     </span>
     <span class='ocr_line' id='line_1_4' title="bbox 414 1475 1348 1583; baseline 0.002 -44"><span class='ocrx_word' id='word_1_17' title='bbox 414 1478 558 1564; x_wconf 84' lang='lat' dir='ltr'>Wygton</span> <span class='ocrx_word' id='word_1_18' title='bbox 574 1475 700 1563; x_wconf 77' lang='lat' dir='ltr'>scripto,</span> <span class='ocrx_word' id='word_1_19' title='bbox 714 1475 755 1540; x_wconf 87' lang='lat' dir='ltr'>de</span> <span class='ocrx_word' id='word_1_20' title='bbox 769 1475 966 1583; x_wconf 72' lang='lat' dir='ltr'>libertatibus</span> <span class='ocrx_word' id='word_1_21' title='bbox 979 1477 1208 1544; x_wconf 74' lang='lat' dir='ltr'><strong>conservandis.</strong></span> <span class='ocrx_word' id='word_1_22' title='bbox 1255 1479 1348 1564; x_wconf 75' lang='lat' dir='ltr'>Orig.</span> 
     </span>
    </p>
   </div>
   <div class='ocr_carea' id='block_1_3' title="bbox 414 1723 1840 2298">
    <p class='ocr_par' dir='ltr' id='par_1_3' title="bbox 414 1723 1840 2298">
     <span class='ocr_line' id='line_1_5' title="bbox 1028 1723 1220 1790; baseline 0.016 -3"><span class='ocrx_word' id='word_1_23' title='bbox 1028 1723 1220 1790; x_wconf 78' lang='lat' dir='ltr'>cARmc.</span> 
     </span>
     <span class='ocr_line' id='line_1_6' title="bbox 414 1819 1786 1935; baseline -0.001 -25"><span class='ocrx_word' id='word_1_24' title='bbox 414 1847 487 1910; x_wconf 84' lang='lat'><strong>508.</strong></span> <span class='ocrx_word' id='word_1_25' title='bbox 512 1845 608 1909; x_wconf 77' lang='lat' dir='ltr'>carta</span> <span class='ocrx_word' id='word_1_26' title='bbox 622 1819 721 1930; x_wconf 78' lang='lat' dir='ltr'>Regis</span> <span class='ocrx_word' id='word_1_27' title='bbox 734 1842 775 1909; x_wconf 87' lang='lat' dir='ltr'>de</span> <span class='ocrx_word' id='word_1_28' title='bbox 789 1841 950 1928; x_wconf 78' lang='lat' dir='ltr'><strong>regalitate</strong></span> <span class='ocrx_word' id='word_1_29' title='bbox 964 1853 1117 1909; x_wconf 81' lang='lat' dir='ltr'>terrarum</span> <span class='ocrx_word' id='word_1_30' title='bbox 1132 1843 1173 1910; x_wconf 89' lang='lat' dir='ltr'>de</span> <span class='ocrx_word' id='word_1_31' title='bbox 1187 1843 1308 1923; x_wconf 79' lang='lat' dir='ltr'>Carrio,</span> <span class='ocrx_word' id='word_1_32' title='bbox 1324 1844 1442 1911; x_wconf 85' lang='lat' dir='ltr'>Ethrik</span> <span class='ocrx_word' id='word_1_33' title='bbox 1457 1856 1490 1912; x_wconf 86' lang='lat' dir='ltr'>et</span> <span class='ocrx_word' id='word_1_34' title='bbox 1504 1845 1648 1912; x_wconf 84' lang='lat' dir='ltr'>Rodono.</span> <span class='ocrx_word' id='word_1_35' title='bbox 1695 1850 1786 1935; x_wconf 69' lang='lat' dir='ltr'>orig.</span> 
     </span>
     <span class='ocr_line' id='line_1_7' title="bbox 415 1965 1142 2055; baseline -0.003 -23"><span class='ocrx_word' id='word_1_36' title='bbox 415 1971 488 2038; x_wconf 85' lang='lat'><strong>509.</strong></span> <span class='ocrx_word' id='word_1_37' title='bbox 512 1969 700 2054; x_wconf 88' lang='lat' dir='ltr'>Preeeptum</span> <span class='ocrx_word' id='word_1_38' title='bbox 718 1965 816 2053; x_wconf 82' lang='lat' dir='ltr'>Regis</span> <span class='ocrx_word' id='word_1_39' title='bbox 830 1966 871 2032; x_wconf 88' lang='lat' dir='ltr'>de</span> <span class='ocrx_word' id='word_1_40' title='bbox 886 1966 1002 2034; x_wconf 82' lang='lat' dir='ltr'>eedem.</span> <span class='ocrx_word' id='word_1_41' title='bbox 1049 1970 1142 2055; x_wconf 60' lang='lat' dir='ltr'>oaetg.</span> 
     </span>
     <span class='ocr_line' id='line_1_8' title="bbox 414 2089 1840 2178; baseline -0.004 -21"><span class='ocrx_word' id='word_1_42' title='bbox 414 2093 488 2157; x_wconf 88' lang='grc'><strong>510.</strong></span> <span class='ocrx_word' id='word_1_43' title='bbox 512 2089 716 2156; x_wconf 86' lang='lat' dir='ltr'>Confirmatio</span> <span class='ocrx_word' id='word_1_44' title='bbox 728 2089 829 2177; x_wconf 82' lang='lat' dir='ltr'>Regia</span> <span class='ocrx_word' id='word_1_45' title='bbox 843 2089 1043 2176; x_wconf 82' lang='lat' dir='ltr'>quorundam</span> <span class='ocrx_word' id='word_1_46' title='bbox 1056 2104 1215 2156; x_wconf 77' lang='lat' dir='ltr'>cartarum</span> <span class='ocrx_word' id='word_1_47' title='bbox 1230 2113 1327 2178; x_wconf 76' lang='lat' dir='ltr'>snpra</span> <span class='ocrx_word' id='word_1_48' title='bbox 1341 2090 1540 2177; x_wconf 79' lang='lat' dir='ltr'>scriptarum,</span> <span class='ocrx_word' id='word_1_49' title='bbox 1555 2113 1635 2178; x_wconf 77' lang='lat' dir='ltr'>qum</span> <span class='ocrx_word' id='word_1_50' title='bbox 1648 2090 1681 2155; x_wconf 92' lang='lat' dir='ltr'>in</span> <span class='ocrx_word' id='word_1_51' title='bbox 1695 2089 1840 2177; x_wconf 80' lang='lat' dir='ltr'>originali</span> 
     </span>
     <span class='ocr_line' id='line_1_9' title="bbox 415 2208 1606 2298; baseline -0.003 -22"><span class='ocrx_word' id='word_1_52' title='bbox 415 2211 457 2276; x_wconf 79' lang='lat' dir='ltr'>ed</span> <span class='ocrx_word' id='word_1_53' title='bbox 470 2211 602 2298; x_wconf 87' lang='lat' dir='ltr'>longum</span> <span class='ocrx_word' id='word_1_54' title='bbox 617 2209 817 2296; x_wconf 76' lang='lat' dir='ltr'>transcriptas</span> <span class='ocrx_word' id='word_1_55' title='bbox 831 2209 883 2274; x_wconf 90' lang='lat' dir='ltr'>hio</span> <span class='ocrx_word' id='word_1_56' title='bbox 897 2209 1011 2275; x_wconf 86' lang='lat' dir='ltr'>iterum</span> <span class='ocrx_word' id='word_1_57' title='bbox 1025 2208 1204 2296; x_wconf 86' lang='lat' dir='ltr'>imprimere</span> <span class='ocrx_word' id='word_1_58' title='bbox 1217 2232 1279 2275; x_wconf 92' lang='lat' dir='ltr'>non</span> <span class='ocrx_word' id='word_1_59' title='bbox 1293 2209 1397 2275; x_wconf 80' lang='lat' dir='ltr'>visum</span> <span class='ocrx_word' id='word_1_60' title='bbox 1410 2222 1467 2275; x_wconf 75' lang='lat' dir='ltr'>est</span> <span class='ocrx_word' id='word_1_61' title='bbox 1512 2211 1606 2298; x_wconf 70' lang='lat' dir='ltr'>Orig.</span> 
     </span>
    </p>
   </div>
   <div class='ocr_carea' id='block_1_4' title="bbox 417 2451 1840 2786">
    <p class='ocr_par' dir='ltr' id='par_1_4' title="bbox 417 2451 1840 2786">
     <span class='ocr_line' id='line_1_10' title="bbox 1007 2451 1248 2518; baseline 0 -2"><span class='ocrx_word' id='word_1_62' title='bbox 1007 2451 1248 2518; x_wconf 83' lang='lat' dir='ltr'><strong>DUMFRES.</strong></span> 
     </span>
     <span class='ocr_line' id='line_1_11' title="bbox 417 2573 1830 2666; baseline -0.004 -19"><span class='ocrx_word' id='word_1_63' title='bbox 417 2583 490 2647; x_wconf 88' lang='lat'>511.</span> <span class='ocrx_word' id='word_1_64' title='bbox 513 2575 722 2644; x_wconf 79' lang='lat' dir='ltr'>Renunciatio</span> <span class='ocrx_word' id='word_1_65' title='bbox 738 2573 872 2642; x_wconf 86' lang='lat' dir='ltr'>Gilberti</span> <span class='ocrx_word' id='word_1_66' title='bbox 888 2573 1038 2641; x_wconf 83' lang='lat' dir='ltr'>Grerison</span> <span class='ocrx_word' id='word_1_67' title='bbox 1052 2574 1171 2640; x_wconf 89' lang='lat' dir='ltr'>domini</span> <span class='ocrx_word' id='word_1_68' title='bbox 1185 2575 1226 2640; x_wconf 90' lang='lat' dir='ltr'>de</span> <span class='ocrx_word' id='word_1_69' title='bbox 1240 2574 1314 2662; x_wconf 72' lang='lat' dir='ltr'>Lag</span> <span class='ocrx_word' id='word_1_70' title='bbox 1327 2575 1368 2640; x_wconf 87' lang='lat' dir='ltr'>de</span> <span class='ocrx_word' id='word_1_71' title='bbox 1382 2587 1466 2642; x_wconf 81' lang='lat' dir='ltr'>terro</span> <span class='ocrx_word' id='word_1_72' title='bbox 1479 2576 1520 2642; x_wconf 90' lang='lat' dir='ltr'>de</span> <span class='ocrx_word' id='word_1_73' title='bbox 1534 2577 1692 2642; x_wconf 81' lang='lat' dir='ltr'>Dunooor.</span> <span class='ocrx_word' id='word_1_74' title='bbox 1737 2579 1830 2666; x_wconf 75' lang='lat' dir='ltr'>Orig.</span> 
     </span>
     <span class='ocr_line' id='line_1_12' title="bbox 418 2695 1840 2786; baseline -0.002 -17"><span class='ocrx_word' id='word_1_75' title='bbox 418 2705 490 2770; x_wconf 63' lang='lat'>512</span> <span class='ocrx_word' id='word_1_76' title='bbox 513 2699 717 2766; x_wconf 77' lang='lat' dir='ltr'>Confirmatio</span> <span class='ocrx_word' id='word_1_77' title='bbox 731 2696 917 2762; x_wconf 79' lang='lat' dir='ltr'>Archibaldi</span> <span class='ocrx_word' id='word_1_78' title='bbox 939 2695 1060 2762; x_wconf 85' lang='lat' dir='ltr'>comitis</span> <span class='ocrx_word' id='word_1_79' title='bbox 1085 2697 1127 2762; x_wconf 89' lang='lat' dir='ltr'>de</span> <span class='ocrx_word' id='word_1_80' title='bbox 1140 2697 1286 2786; x_wconf 82' lang='lat' dir='ltr'>Douglns</span> <span class='ocrx_word' id='word_1_81' title='bbox 1309 2698 1350 2763; x_wconf 93' lang='lat' dir='ltr'>de</span> <span class='ocrx_word' id='word_1_82' title='bbox 1372 2699 1534 2786; x_wconf 78' lang='lat' dir='ltr'>regalitate</span> <span class='ocrx_word' id='word_1_83' title='bbox 1547 2698 1587 2765; x_wconf 87' lang='lat' dir='ltr'>de</span> <span class='ocrx_word' id='word_1_84' title='bbox 1603 2698 1840 2766; x_wconf 71' lang='lat' dir='ltr'>Eskdnlemure·</span> 
     </span>
    </p>
   </div>
   <div class='ocr_carea' id='block_1_5' title="bbox 421 2827 512 2914">
    <p class='ocr_par' dir='ltr' id='par_1_5' title="bbox 421 2827 512 2914">
     <span class='ocr_line' id='line_1_13' title="bbox 421 2827 512 2914; baseline -0.011 -23"><span class='ocrx_word' id='word_1_85' title='bbox 421 2827 512 2914; x_wconf 83' lang='lat' dir='ltr'>Orig.</span> 
     </span>
    </p>
   </div>
   <div class='ocr_carea' id='block_1_6' title="bbox 974 3068 1278 3134">
    <p class='ocr_par' dir='ltr' id='par_1_6' title="bbox 974 3068 1278 3134">
     <span class='ocr_line' id='line_1_14' title="bbox 974 3068 1278 3134; baseline -0.007 -2"><span class='ocrx_word' id='word_1_86' title='bbox 974 3068 1278 3134; x_wconf 88' lang='lat' dir='ltr'>EDINBURGH.</span> 
     </span>
    </p>
   </div>
   <div class='ocr_carea' id='block_1_7' title="bbox 327 3188 1846 4010">
    <p class='ocr_par' dir='ltr' id='par_1_7' title="bbox 421 3188 1785 3402">
     <span class='ocr_line' id='line_1_15' title="bbox 421 3188 1785 3279; baseline -0.006 -18"><span class='ocrx_word' id='word_1_87' title='bbox 421 3197 494 3261; x_wconf 77' lang='lat'>513.</span> <span class='ocrx_word' id='word_1_88' title='bbox 519 3195 705 3279; x_wconf 85' lang='lat' dir='ltr'>Preceptnm</span> <span class='ocrx_word' id='word_1_89' title='bbox 720 3191 820 3256; x_wconf 72' lang='lat' dir='ltr'>sosine</span> <span class='ocrx_word' id='word_1_90' title='bbox 835 3191 1016 3278; x_wconf 80' lang='lat' dir='ltr'>Mmgnrete</span> <span class='ocrx_word' id='word_1_91' title='bbox 1030 3189 1071 3254; x_wconf 89' lang='lat' dir='ltr'>de</span> <span class='ocrx_word' id='word_1_92' title='bbox 1085 3189 1230 3254; x_wconf 85' lang='lat' dir='ltr'>Bronhill</span> <span class='ocrx_word' id='word_1_93' title='bbox 1243 3191 1277 3255; x_wconf 91' lang='lat' dir='ltr'>in</span> <span class='ocrx_word' id='word_1_94' title='bbox 1292 3201 1470 3255; x_wconf 85' lang='lat' dir='ltr'>tenemento</span> <span class='ocrx_word' id='word_1_95' title='bbox 1483 3188 1514 3255; x_wconf 91' lang='lat' dir='ltr'>in</span> <span class='ocrx_word' id='word_1_96' title='bbox 1531 3189 1644 3277; x_wconf 84' lang='lat' dir='ltr'>burgo.</span> <span class='ocrx_word' id='word_1_97' title='bbox 1693 3193 1785 3278; x_wconf 80' lang='lat' dir='ltr'>Orig.</span> 
     </span>
     <span class='ocr_line' id='line_1_16' title="bbox 422 3311 1586 3402; baseline -0.008 -17"><span class='ocrx_word' id='word_1_98' title='bbox 422 3321 496 3385; x_wconf 77' lang='lat'>514.</span> <span class='ocrx_word' id='word_1_99' title='bbox 520 3319 617 3382; x_wconf 79' lang='lat' dir='ltr'>Certo</span> <span class='ocrx_word' id='word_1_100' title='bbox 631 3315 814 3402; x_wconf 83' lang='lat' dir='ltr'>Mnrgnrete</span> <span class='ocrx_word' id='word_1_101' title='bbox 828 3313 868 3378; x_wconf 87' lang='lat' dir='ltr'>de</span> <span class='ocrx_word' id='word_1_102' title='bbox 882 3311 1027 3378; x_wconf 90' lang='lat' dir='ltr'>Bronhill</span> <span class='ocrx_word' id='word_1_103' title='bbox 1041 3311 1082 3375; x_wconf 89' lang='lat' dir='ltr'>de</span> <span class='ocrx_word' id='word_1_104' title='bbox 1096 3323 1274 3376; x_wconf 87' lang='lat' dir='ltr'>tenemento</span> <span class='ocrx_word' id='word_1_105' title='bbox 1287 3311 1320 3376; x_wconf 92' lang='lat' dir='ltr'>in</span> <span class='ocrx_word' id='word_1_106' title='bbox 1334 3313 1447 3400; x_wconf 77' lang='lat' dir='ltr'>burgo</span> <span class='ocrx_word' id='word_1_107' title='bbox 1494 3313 1586 3402; x_wconf 83' lang='lat' dir='ltr'>Orig</span> 
     </span>
    </p>

    <p class='ocr_par' dir='ltr' id='par_1_8' title="bbox 421 3432 1846 3644">
     <span class='ocr_line' id='line_1_17' title="bbox 421 3432 1846 3522; baseline -0.003 -17"><span class='ocrx_word' id='word_1_108' title='bbox 421 3440 514 3504; x_wconf 74' lang='lat'>514¹.</span> <span class='ocrx_word' id='word_1_109' title='bbox 539 3435 715 3502; x_wconf 87' lang='lat' dir='ltr'>Indentour</span> <span class='ocrx_word' id='word_1_110' title='bbox 734 3435 851 3500; x_wconf 82' lang='lat' dir='ltr'>betwix</span> <span class='ocrx_word' id='word_1_111' title='bbox 874 3433 995 3500; x_wconf 78' lang='lat' dir='ltr'>Melroe</span> <span class='ocrx_word' id='word_1_112' title='bbox 1016 3433 1080 3498; x_wconf 82' lang='lat' dir='ltr'>end</span> <span class='ocrx_word' id='word_1_113' title='bbox 1095 3432 1239 3519; x_wconf 82' lang='lat' dir='ltr'>Nyohole</span> <span class='ocrx_word' id='word_1_114' title='bbox 1251 3432 1289 3497; x_wconf 85' lang='lat' dir='ltr'>of</span> <span class='ocrx_word' id='word_1_115' title='bbox 1302 3433 1439 3499; x_wconf 80' lang='lat' dir='ltr'>Wednle</span> <span class='ocrx_word' id='word_1_116' title='bbox 1458 3455 1655 3522; x_wconf 80' lang='lat' dir='ltr'>oonoemyng</span> <span class='ocrx_word' id='word_1_117' title='bbox 1676 3435 1724 3501; x_wconf 77' lang='lat' dir='ltr'>hin</span> <span class='ocrx_word' id='word_1_118' title='bbox 1745 3437 1846 3501; x_wconf 78' lang='lat' dir='ltr'>landis</span> 
     </span>
     <span class='ocr_line' id='line_1_18' title="bbox 423 3552 1738 3644; baseline -0.004 -20"><span class='ocrx_word' id='word_1_119' title='bbox 423 3558 485 3624; x_wconf 80' lang='lat' dir='ltr'>ond</span> <span class='ocrx_word' id='word_1_120' title='bbox 500 3557 680 3624; x_wconf 87' lang='lat' dir='ltr'>tenementis</span> <span class='ocrx_word' id='word_1_121' title='bbox 694 3556 726 3620; x_wconf 91' lang='lat' dir='ltr'>in</span> <span class='ocrx_word' id='word_1_122' title='bbox 743 3554 795 3620; x_wconf 88' lang='lat' dir='ltr'>the</span> <span class='ocrx_word' id='word_1_123' title='bbox 811 3567 922 3632; x_wconf 79' lang='lat' dir='ltr'>mnne,</span> <span class='ocrx_word' id='word_1_124' title='bbox 936 3552 1019 3618; x_wconf 81' lang='lat' dir='ltr'>lnide</span> <span class='ocrx_word' id='word_1_125' title='bbox 1032 3553 1065 3618; x_wconf 91' lang='lat' dir='ltr'>in</span> <span class='ocrx_word' id='word_1_126' title='bbox 1081 3553 1148 3618; x_wconf 78' lang='lat' dir='ltr'>ned</span> <span class='ocrx_word' id='word_1_127' title='bbox 1162 3553 1226 3618; x_wconf 84' lang='lat' dir='ltr'>and</span> <span class='ocrx_word' id='word_1_128' title='bbox 1242 3553 1355 3619; x_wconf 81' lang='lat' dir='ltr'>wednet</span> <span class='ocrx_word' id='word_1_129' title='bbox 1370 3566 1403 3620; x_wconf 88' lang='lat' dir='ltr'>to</span> <span class='ocrx_word' id='word_1_130' title='bbox 1417 3553 1472 3620; x_wconf 88' lang='lat' dir='ltr'>the</span> <span class='ocrx_word' id='word_1_131' title='bbox 1485 3555 1599 3643; x_wconf 77' lang='lat' dir='ltr'>obbay.</span> <span class='ocrx_word' id='word_1_132' title='bbox 1646 3558 1738 3644; x_wconf 80' lang='lat' dir='ltr'>Orig.</span> 
     </span>
    </p>

    <p class='ocr_par' dir='ltr' id='par_1_9' title="bbox 327 3674 1846 4010">
     <span class='ocr_line' id='line_1_19' title="bbox 423 3674 1844 3767; baseline -0.004 -20"><span class='ocrx_word' id='word_1_133' title='bbox 423 3683 497 3748; x_wconf 84' lang='lat'>515.</span> <span class='ocrx_word' id='word_1_134' title='bbox 521 3681 618 3745; x_wconf 80' lang='lat' dir='ltr'>Carta</span> <span class='ocrx_word' id='word_1_135' title='bbox 630 3679 653 3742; x_wconf 86' lang='lat' dir='ltr'><strong>J</strong></span> <span class='ocrx_word' id='word_1_136' title='bbox 654 3676 784 3742; x_wconf 79' lang='lat' dir='ltr'>ohannis</span> <span class='ocrx_word' id='word_1_137' title='bbox 794 3677 937 3740; x_wconf 87' lang='lat' dir='ltr'>Vernour</span> <span class='ocrx_word' id='word_1_138' title='bbox 951 3675 991 3741; x_wconf 89' lang='lat' dir='ltr'>de</span> <span class='ocrx_word' id='word_1_139' title='bbox 1006 3686 1089 3741; x_wconf 85' lang='lat' dir='ltr'>term</span> <span class='ocrx_word' id='word_1_140' title='bbox 1102 3675 1135 3740; x_wconf 93' lang='lat' dir='ltr'>in</span> <span class='ocrx_word' id='word_1_141' title='bbox 1147 3675 1216 3740; x_wconf 87' lang='lat' dir='ltr'>vioo</span> <span class='ocrx_word' id='word_1_142' title='bbox 1225 3676 1282 3762; x_wconf 90' lang='lat' dir='ltr'>qni</span> <span class='ocrx_word' id='word_1_143' title='bbox 1296 3674 1411 3742; x_wconf 85' lang='lat' dir='ltr'>dieitur</span> <span class='ocrx_word' id='word_1_144' title='bbox 1423 3680 1579 3764; x_wconf 74' lang='lat' dir='ltr'>Cowgnte.</span> <span class='ocrx_word' id='word_1_145' title='bbox 1601 3679 1724 3767; x_wconf 70' lang='lat' dir='ltr'>Regin.</span> <span class='ocrx_word' id='word_1_146' title='bbox 1735 3692 1844 3746; x_wconf 72' lang='lat' dir='ltr'>recem.</span> 
     </span>
     <span class='ocr_line' id='line_1_20' title="bbox 327 3788 1846 3886; baseline -0.003 -16"><span class='ocrx_word' id='word_1_147' title='bbox 327 3788 332 3797; x_wconf 58' lang='grc'><strong>’</strong></span> <span class='ocrx_word' id='word_1_148' title='bbox 424 3802 497 3870; x_wconf 91' lang='grc'><strong>516.</strong></span> <span class='ocrx_word' id='word_1_149' title='bbox 521 3801 697 3868; x_wconf 83' lang='lat' dir='ltr'>eonventio</span> <span class='ocrx_word' id='word_1_150' title='bbox 710 3800 791 3865; x_wconf 87' lang='lat' dir='ltr'>inter</span> <span class='ocrx_word' id='word_1_151' title='bbox 802 3801 947 3865; x_wconf 83' lang='lat' dir='ltr'>Sonctnm</span> <span class='ocrx_word' id='word_1_152' title='bbox 959 3802 1094 3866; x_wconf 82' lang='lat' dir='ltr'>Crucem</span> <span class='ocrx_word' id='word_1_153' title='bbox 1108 3813 1140 3864; x_wconf 89' lang='lat' dir='ltr'>et</span> <span class='ocrx_word' id='word_1_154' title='bbox 1155 3797 1276 3864; x_wconf 77' lang='lat' dir='ltr'>Meiros</span> <span class='ocrx_word' id='word_1_155' title='bbox 1289 3799 1329 3865; x_wconf 92' lang='lat' dir='ltr'>de</span> <span class='ocrx_word' id='word_1_156' title='bbox 1342 3811 1426 3866; x_wconf 82' lang='lat' dir='ltr'>terro</span> <span class='ocrx_word' id='word_1_157' title='bbox 1437 3822 1499 3886; x_wconf 85' lang='lat' dir='ltr'>qno</span> <span class='ocrx_word' id='word_1_158' title='bbox 1509 3816 1640 3866; x_wconf 83' lang='lat' dir='ltr'>voootur</span> <span class='ocrx_word' id='word_1_159' title='bbox 1650 3821 1723 3866; x_wconf 79' lang='lat' dir='ltr'>nem</span> <span class='ocrx_word' id='word_1_160' title='bbox 1733 3805 1846 3866; x_wconf 81' lang='lat' dir='ltr'>Sonote</span> 
     </span>
     <span class='ocr_line' id='line_1_21' title="bbox 424 3925 824 4010; baseline -0.013 -20"><span class='ocrx_word' id='word_1_161' title='bbox 424 3925 533 3991; x_wconf 68' lang='lat' dir='ltr'>crucio</span> <span class='ocrx_word' id='word_1_162' title='bbox 577 3926 699 4010; x_wconf 62' lang='lat' dir='ltr'>Regni.</span> <span class='ocrx_word' id='word_1_163' title='bbox 715 3931 824 3986; x_wconf 70' lang='lat' dir='ltr'>recent</span> 
     </span>
    </p>
   </div>
   <div class='ocr_carea' id='block_1_8' title="bbox 1061 4170 1207 4236">
    <p class='ocr_par' dir='ltr' id='par_1_10' title="bbox 1061 4170 1207 4236">
     <span class='ocr_line' id='line_1_22' title="bbox 1061 4170 1207 4236; baseline -0.007 -1"><span class='ocrx_word' id='word_1_164' title='bbox 1061 4170 1207 4236; x_wconf 85' lang='lat' dir='ltr'><strong>KYLE.</strong></span> 
     </span>
    </p>
   </div>
   <div class='ocr_carea' id='block_1_9' title="bbox 429 4292 1853 4626">
    <p class='ocr_par' dir='ltr' id='par_1_11' title="bbox 429 4292 1853 4626">
     <span class='ocr_line' id='line_1_23' title="bbox 429 4292 1851 4385; baseline -0.006 -18"><span class='ocrx_word' id='word_1_165' title='bbox 429 4304 502 4372; x_wconf 80' lang='lat'>517.</span> <span class='ocrx_word' id='word_1_166' title='bbox 527 4301 777 4385; x_wconf 79' lang='lat' dir='ltr'>Tmnnumptum</span> <span class='ocrx_word' id='word_1_167' title='bbox 800 4294 960 4361; x_wconf 85' lang='lat' dir='ltr'>literarum</span> <span class='ocrx_word' id='word_1_168' title='bbox 979 4294 1019 4359; x_wconf 88' lang='lat' dir='ltr'>de</span> <span class='ocrx_word' id='word_1_169' title='bbox 1032 4294 1229 4361; x_wconf 85' lang='lat' dir='ltr'>institutione</span> <span class='ocrx_word' id='word_1_170' title='bbox 1243 4293 1397 4360; x_wconf 80' lang='lat' dir='ltr'>Johnnnie</span> <span class='ocrx_word' id='word_1_171' title='bbox 1419 4293 1460 4358; x_wconf 89' lang='lat' dir='ltr'>de</span> <span class='ocrx_word' id='word_1_172' title='bbox 1474 4294 1583 4359; x_wconf 75' lang='lat' dir='ltr'>Canio</span> <span class='ocrx_word' id='word_1_173' title='bbox 1606 4294 1639 4358; x_wconf 92' lang='lat' dir='ltr'>in</span> <span class='ocrx_word' id='word_1_174' title='bbox 1662 4292 1790 4359; x_wconf 73' lang='lat' dir='ltr'>ecclesio</span> <span class='ocrx_word' id='word_1_175' title='bbox 1809 4295 1851 4358; x_wconf 89' lang='lat' dir='ltr'>de</span> 
     </span>
     <span class='ocr_line' id='line_1_24' title="bbox 430 4420 717 4508; baseline -0.028 -18"><span class='ocrx_word' id='word_1_176' title='bbox 430 4423 579 4491; x_wconf 89' lang='lat' dir='ltr'>Ochiltre.</span> <span class='ocrx_word' id='word_1_177' title='bbox 626 4420 717 4508; x_wconf 82' lang='lat' dir='ltr'>Orig.</span> 
     </span>
     <span class='ocr_line' id='line_1_25' title="bbox 430 4535 1853 4626; baseline -0.007 -14"><span class='ocrx_word' id='word_1_178' title='bbox 430 4549 503 4612; x_wconf 88' lang='grc'><strong>518.</strong></span> <span class='ocrx_word' id='word_1_179' title='bbox 527 4545 777 4609; x_wconf 85' lang='lat' dir='ltr'>Instrumentum</span> <span class='ocrx_word' id='word_1_180' title='bbox 801 4538 842 4605; x_wconf 93' lang='lat' dir='ltr'>de</span> <span class='ocrx_word' id='word_1_181' title='bbox 859 4537 1023 4604; x_wconf 77' lang='lat' dir='ltr'>collatione</span> <span class='ocrx_word' id='word_1_182' title='bbox 1036 4537 1193 4604; x_wconf 86' lang='lat' dir='ltr'>Willelmi</span> <span class='ocrx_word' id='word_1_183' title='bbox 1209 4539 1294 4626; x_wconf 83' lang='lat' dir='ltr'>Fery</span> <span class='ocrx_word' id='word_1_184' title='bbox 1310 4537 1343 4603; x_wconf 92' lang='lat' dir='ltr'>in</span> <span class='ocrx_word' id='word_1_185' title='bbox 1365 4535 1524 4604; x_wconf 70' lang='lat' dir='ltr'>eeclesiam</span> <span class='ocrx_word' id='word_1_186' title='bbox 1548 4537 1588 4602; x_wconf 93' lang='lat' dir='ltr'>de</span> <span class='ocrx_word' id='word_1_187' title='bbox 1611 4537 1810 4602; x_wconf 84' lang='lat' dir='ltr'>Torboltoun</span> <span class='ocrx_word' id='word_1_188' title='bbox 1832 4559 1853 4602; x_wconf 85' lang='lat' dir='ltr'>n</span> 
     </span>
    </p>
   </div>
   <div class='ocr_carea' id='block_1_10' title="bbox 431 4661 1070 4753">
    <p class='ocr_par' dir='ltr' id='par_1_12' title="bbox 431 4661 1070 4753">
     <span class='ocr_line' id='line_1_26' title="bbox 431 4661 1070 4753; baseline -0.017 -17"><span class='ocrx_word' id='word_1_189' title='bbox 431 4667 563 4736; x_wconf 79' lang='lat' dir='ltr'>Matheo</span> <span class='ocrx_word' id='word_1_190' title='bbox 577 4665 721 4753; x_wconf 76' lang='lat' dir='ltr'>episeopo</span> <span class='ocrx_word' id='word_1_191' title='bbox 735 4661 933 4750; x_wconf 80' lang='lat' dir='ltr'>Glnngnensi.</span> <span class='ocrx_word' id='word_1_192' title='bbox 979 4663 1070 4749; x_wconf 79' lang='lat' dir='ltr'>Orig.</span> 
     </span>
    </p>
   </div>
   <div class='ocr_carea' id='block_1_11' title="bbox 0 0 2239 5842">
    <p class='ocr_par' dir='ltr' id='par_1_13' title="bbox 0 0 2239 5842">
     <span class='ocr_line' id='line_1_27' title="bbox 0 0 2239 5842; baseline 0 0"><span class='ocrx_word' id='word_1_193' title='bbox 0 0 2239 5842; x_wconf 95' lang='lat' dir='ltr'> </span> 
     </span>
    </p>
   </div>
  </div>
 </body>
</html>
